3102 5002
399 455 497 500 orsus
521 454 823 500 suusrrurrvouuu.
848 456 999 500 44444444.
1177 427 1182 436 '
1239 435 1280 500 43

127 630 293 705 figurarum
308 631 357 688 tot
372 629 495 687 nomina
510 633 586 707 quot
600 629 672 686 44444
682 623 859 704 principiis,
882 646 914 685 v.
932 626 1010 686 6364
1028 649 1083 687 nco
1099 649 1205 687 monus
1220 631 1285 708 ipse

128 751 193 789 4444
217 734 319 809 1444444
343 726 475 789 animae.
506 727 563 789 L.:
589 725 670 804 „sic
690 725 844 808 Baptista
859 725 949 804 Pius,
975 725 1046 788 soil.
1070 725 1131 788 4444
1151 726 1282 804 44444444,

128 827 231 891 dandi
256 850 344 905 casu,
371 849 468 911 quem
491 850 543 891 res
569 835 602 890 44
627 827 731 890 oratio
755 827 902 911 requirit,
929 833 967 890 ut
991 850 1089 911 supra
1108 831 1149 892 43
1172 834 1207 891 44
1223 831 1284 891 388

127 938 186 994 1144
210 936 325 994 etenim
349 937 505 995 44144164
529 935 660 994 animo.“
687 967 719 976 —
748 953 780 993 4.
800 933 876 995 7754
901 939 932 994 st
952 955 1013 995 non
1035 935 1106 992 44444
1121 929 1285 992 immortali

67 1063 71 1068 ’
127 1038 192 1097 ulla
215 1039 336 1116 pericla.
368 1056 399 1096 4,
423 1036 501 1098 8754
528 1058 709 1116 quemquam
733 1033 792 1095 4444
816 1059 936 1097 sensum
960 1039 992 1096 in
1017 1043 1114 1096 morte
1137 1039 1283 1102 futurum.

127 1159 160 1198 v.
180 1139 280 1199 16464
307 1146 427 1200 mortua
451 1137 502 1200 cci
525 1141 588 1199 vita
612 1145 658 1200 est
681 1161 774 1219 prope
798 1142 867 1200 iam.
903 1157 934 1198 4.
959 1137 1057 1199 16564
1079 1159 1135 1199 neo
1155 1140 1285 1218 reperire

127 1247 216 1321 potes
238 1237 295 1300 bibi
316 1245 389 1322 quid
409 1238 450 1301 444
471 1263 559 1322 444144
578 1244 659 1302 muli.
690 1237 753 1316 IV,
779 1241 878 1301 1658:
902 1245 987 1301 Hcec
1003 1244 1105 1301 Venus
1126 1244 1173 1301 est
1188 1237 1283 1299 444444,

126 1363 159 1402 v.
185 1342 269 1405 1675
291 1363 356 1424 sq:
383 1367 453 1405 nam
477 1350 558 1405 certe
582 1350 687 1424 purast
709 1340 795 1403 444444
818 1346 914 1423 magis
938 1346 1008 1404 inde
1033 1347 1172 1424 voluptas
1197 1365 1286 1422 quam

125 1441 258 1506 44444444.
292 1443 333 1521 V,
356 1446 433 1508 536:
457 1469 574 1522 causae,
595 1443 724 1506 4444444444
745 1454 893 1507 astrorum
914 1467 989 1526 quoe
1013 1449 1130 1526 possint
1151 1467 1213 1506 esse
1234 1467 1287 1524 pcr

127 1571 228 1608 omne.
261 1544 321 1624 VI,
340 1549 418 1610 208:
438 1553 594 1611 flammeus
610 1555 656 1609 444
671 1552 849 1629 plerumque
865 1552 946 1610 colos
963 1555 994 1609 et
1009 1550 1185 1629 splendidus
1202 1544 1284 1605 cibis.

127 1671 159 1710 v.
179 1649 259 1710 3894
284 1673 344 1730 quo
359 1648 468 1732 orsique
487 1657 533 1713 est
554 1673 683 1732 cumque
698 1654 848 1731 voluptas.
878 1650 1028 1711 4,16964
1050 1653 1128 1711 44414
1151 1671 1227 1729 quae
1247 1652 1287 1708 sit

127 1750 251 1812 morbis.
283 1750 312 1828 I,
332 1751 409 1814 7734
433 1754 518 1815 nulla
533 1751 590 1814 bibi
606 1777 640 1815 ex
655 1757 717 1814 illis
732 1757 846 1834 poterit
861 1775 907 1814 res
924 1757 1110 1814 4444444444.
1141 1748 1189 1826 II,
1207 1751 1285 1811 321:

126 1857 216 1916 nobis
241 1891 272 1898 -
297 1858 448 1917 videntur.
478 1853 539 1932 IV,
556 1857 634 1917 4664
657 1879 731 1936 quos
754 1851 896 1915 bibitum
918 1878 1008 1936 supra
1027 1857 1072 1916 sol
1090 1857 1203 1915 montis
1224 1876 1287 1914 osse

126 1955 264 2017 videbor.
296 1954 350 2017 Sic
365 1955 553 2038 Naugerius
573 1977 632 2039 pro
652 1955 705 2018 rbi
721 1961 793 2017 44444.
827 1954 870 2032 V,
889 1957 965 2018 565:
987 1953 1099 2017 rosiris
1115 1973 1287 2037 (1444444444-

125 2057 212 2119 sibus
227 2083 291 2122 osse
306 2057 438 2121 44444444.
461 2058 623 2140 1147441.
636 2081 642 2118 :
659 2057 798 2120 44444444
813 2057 899 2120 robis
915 2062 959 2120 444
974 2063 1060 2122 ratio.
1081 2056 1150 2130 III,
1163 2058 1225 2119 836
1236 2077 1285 2136 sq.

127 2169 268 2224 utrorum
290 2166 327 2223 ad
347 2186 440 2243 regns
455 2161 621 2224 4444444444
637 2160 772 2222 omnibus
787 2160 927 2222 4444444444
943 2165 1030 2222 esici.
1065 2160 1127 2222 666
1143 2158 1228 2220 cobis
1243 2162 1288 2221 nil

127 2268 240 2326 4444144
257 2272 354 2326 morto
370 2262 545 2326 4444444444,
577 2262 620 2339 V,
637 2264 695 2326 434
719 2287 795 2345 quoe
815 2268 930 2345 proelia
948 2261 1033 2324 robis
1048 2269 1139 2344 atque
1155 2266 1289 2344 pericula

128 2371 227 2429 tumsi
251 2371 379 2446 ingratis
402 2365 642 2428 4444444444]
679 2364 707 2442 Ι,
734 2367 812 2428 944·
828 2364 952 2448 qrribcs
975 2390 1035 2428 non
1067 2368 1285 2426 subtracturi

128 2469 158 2545 Ι,
177 2470 258 2531 331.
285 2467 401 2530 4444-
431 2473 546 2530 critiri
534 2467 600 2530 4444.
632 2489 663 2530 4,
688 2469 766 2530 1494
793 2472 976 2550 principium
1000 2472 1085 2530 cuius
1108 2471 1180 2529 hino
1204 2463 1289 2526 rcobir

129 2576 254 2634 exordio
273 2577 381 2633 sumet.
412 2593 444 2632 4.
463 2572 541 2632 3534
562 2576 697 2653 ramique
717 2575 870 2633 virescunt
892 2568 1058 2631 arboribus.
1091 2590 1124 2630 4.
1141 2569 1202 2631 337
1220 2588 1286 2648 sq:

128 2680 162 2737 id
182 2678 214 2736 in
231 2679 464 2755 omnitempore
480 2677 598 2736 adesset
614 2671 759 2735 4444444444,
792 2694 822 2734 v.
842 2672 918 2735 5794
941 2697 1021 2734 nunc
1037 2677 1129 2734 ctiam
1144 2691 1288 2751 superare

129 2783 284 2840 necessest
304 2799 428 2857 44414444
447 2773 546 2836 rebor.
579 2777 728 2838 v.1092:
751 2800 807 2838 noo
827 2799 964 2858 prorsum
986 2773 1143 2836 arboribus
1157 2797 1289 2836 summos

131 2883 324 2942 frondescere
339 2901 436 2940 remos
452 2901 547 2959 posse.
579 2899 610 2938 v.
628 2879 728 2941 1106:
751 2885 891 2959 terraque
907 2901 938 2940 44
946 2876 1079 2957 pedibus
1094 2881 1204 2958 raptim
1220 2879 1289 2938 sub·

131 2987 234 3044 ducet.
257 2979 307 3058 II,
325 2980 380 3042 174
398 2979 449 3040 ccci
464 3003 587 3062 corpore
603 2985 756 3043 seiunctus
772 2985 859 3042 dolor
874 2985 962 3043 414414.
987 3001 1018 3040 4.
1038 2980 1095 3042 734
1113 3002 1188 3060 quae
1204 2982 1289 3040 dece·

131 3089 211 3146 dunt
231 3106 356 3165 corpora
377 3081 495 3164 cuique.
527 3083 654 3145 4,113;
677 3090 748 3145 ante
768 3081 1286 3145 4441444444444444444441444444.

130 3185 200 3262 III,
212 3185 273 3248 617
285 3207 292 3246 4
311 3189 399 3247 certis
414 3189 587 3264 regionibus
602 3183 737 3246 (4444444444
746 3190 860 3262 haeret,
876 3182 918 3246 ad
929 3205 959 3265 q.
971 3183 995 3245 l.
1009 3183 1147 3246 Goebel.
1160 3187 1287 3264 quaest.

131 3289 231 3350 Lucr.
255 3308 288 3369 p.
312 3288 352 3349 23
375 3291 543 3368 comparat
564 3308 597 3349 4.
621 3287 681 3348 169
703 3292 737 3348 et
758 3288 831 3350 375.
863 3284 925 3363 IV,
948 3288 1003 3348 99:
1025 3293 1172 3368 apparent
1191 3282 1287 3345 robis.

131 3413 163 3453 4.
182 3392 260 3453 4684
288 3394 337 3452 vix
361 3394 471 3452 absunt
494 3387 579 3450 444444
604 3393 667 3451 ete.
700 3388 742 3465 V,
760 3392 839 3452 8884
865 3396 931 3451 tum
953 3393 1074 3451 demum
1087 3385 1198 3468 prieris
1217 3411 1289 3448 aevo
1338 3401 1342 3408 '

130 3501 260 3558 florente
275 3497 413 3555 iuventas
429 3496 549 3573 occipit.
575 3490 628 3553 Sic
644 3489 809 3554 Aventius
825 3512 883 3575 pro
896 3489 1023 3570 14444444.
1047 3489 1110 3568 VI,
1127 3491 1206 3553 315:
1224 3513 1290 3565 nec,

131 3601 215 3679 quod
240 3600 352 3676 frigida
374 3599 419 3656 vis
442 3599 557 3672 sortist,
581 3599 638 3656 hoc
662 3593 832 3657 4441444444
855 3598 970 3657 semine
994 3601 1177 3655 concurrunt
1201 3595 1290 3654 calidi

132 3703 261 3779 fulgoris
277 3703 315 3760 od
330 3702 435 3760 ictum.
457 3695 611 3757 1444144444
629 3696 711 3778 „qui
726 3695 918 3759 Lucretium
933 3694 1064 3758 noverit
1078 3694 1130 3757 iili
1146 3693 1290 3756 scriben-

132 3799 213 3862 dum
233 3798 372 3862 videbit.
396 3797 481 3860 male
503 3819 615 3860 omnes
631 3798 810 3862 Marullum
832 3803 1000 3876 secuntur,
1024 3797 1079 3880 qui
1094 3796 1175 3860 lecit
1189 3795 1290 3858 4444,η

131 3926 164 3965 4.
184 3905 263 3966 4984
286 3906 384 3965 multa
404 3885 497 3964 simul
513 3906 631 3981 vineam
653 3926 832 3983 consurgere
853 3900 982 3963 4444444444
1001 3901 1077 3982 ipsis
1097 3903 1234 3964 omnibus
1255 3923 1290 3960 ex

131 4010 293 4070 4414444
297 4006 410 4066 5,641
441 4012 477 4067 ut
507 4009 619 4086 pariter
648 4004 733 4066 444444
762 4028 869 4087 corpus
899 4029 968 4066 oum
989 4009 1143 4084 sanguine
1173 4006 1289 4065 crescit.

131 4109 267 4171 5,35;
292 4132 367 4190 quse
387 4112 465 4170 ratio
486 4115 583 4170 terrac
604 4106 733 4169 mobilibus
754 4114 903 4170 extetv
906 4108 1016 4171 ,643
1034 4105 1125 4190 firil'
1114 4104 1182 4166 444444
1201 4109 1240 4166 41
1259 4129 1290 4166 44

132 4197 1290 4292 444444341444444444444,4,7374(1.4(1441144411444441114444414444

133 4318 233 4377 exitus
249 4311 333 4374 4444444
348 4320 380 4376 44
394 4317 535 4395 1444411414
549 4317 624 4386 item
639 4317 693 4374 fiat
707 4317 807 4375 minus
822 4317 953 4395 impetus
968 4310 1070 4372 orbiu
1097 4309 1151 4372 Sic
1167 4308 1291 4371 Marul-

132 4416 186 4478 lus
201 4436 261 4508 prq
284 4413 393 4478 4444444.
424 4437 456 4477 v.
475 4417 552 4480 9444
577 4423 682 4478 manat
704 4420 780 4478 item
803 4413 888 4476 nobis
912 4439 928 4477 e
952 4421 1020 4477 toto
1044 4437 1167 4496 44414444
1191 4417 1289 4476 sudor.
