3102 4988
258 397 319 458 172
497 414 539 456 Du
561 413 683 458 ENUNC·
708 414 746 457 ET
768 413 969 458 Paurloums.
1017 415 1088 458 OAP.
1107 415 1175 458 XIV.

258 589 420 646 consistere
436 608 560 666 corpore
576 591 702 662 caelum,
719 596 750 649 et
766 609 842 668 quae
859 609 986 666 cumque
1001 590 1032 646 in
1050 609 1084 646 eo
1100 589 1178 646 fiunt
1192 589 1304 647 fateare
1314 605 1422 646 neces-

257 695 318 750 sest
337 692 479 768 pleraque
501 693 625 750 dissolvi
647 695 711 751 etc.
743 689 847 751 Recte
870 685 977 748 editor
991 682 1172 748 Brixiensis
1193 693 1227 748 et
1247 691 1324 748 ante
1342 706 1421 748 eum

257 787 337 850 Itali
353 788 550 852 addiderunt
567 795 595 852 37
610 797 687 873 0033
703 813 776 854 esre.
803 813 834 852 v.
850 793 907 853 48:
926 795 1171 873 quandoquidem
1187 794 1279 852 semel
1293 793 1422 851 institui

258 898 457 956 conscendere
473 918 593 957 currum
609 903 767 957 ventorum
783 900 812 956 37
828 902 945 956 3333303
961 897 1138 975 plangentia
1153 898 1274 956 flamina
1286 915 1421 954 rursum.

258 993 311 1055 Sic
328 993 465 1056 Laohm.
482 1017 540 1079 pro
552 979 717 1060 'ventorum
733 1002 864 1060 exirtant
880 1002 1039 1078 placentur
1053 1001 1154 1068 omnia
1169 1019 1296 1058 rursum.
1316 1017 1351 1056 0.
1363 997 1419 1057 55.

258 1099 310 1160 63.
329 1099 379 1159 82.
399 1101 450 1160 84.
469 1101 520 1162 85.
539 1102 591 1162 89.
611 1102 683 1163 107.
703 1103 775 1162 112.
794 1101 959 1162 122128.
979 1100 1051 1161 159.
1070 1099 1418 1176 163174175185.

259 1203 331 1264 208.
351 1203 424 1262 224.
443 1203 515 1264 230.
534 1203 607 1265 238.
627 1205 699 1264 242.
718 1204 791 1264 252.
810 1204 882 1264 258.
902 1203 974 1264 270.
993 1202 1066 1264 272.
1079 1202 1152 1263 278.
1165 1203 1237 1264 280.
1251 1204 1328 1264 2813
1346 1205 1422 1262 inde

257 1307 310 1364 ubi
334 1309 483 1385 percaluit
506 1309 639 1385 gravida,
664 1289 884 1386 3030013013
905 1310 934 1365 37
955 1329 1023 1367 acer
1042 1309 1174 1386 impetus
1194 1307 1317 1366 incessit
1334 1308 1419 1364 cett.

259 1403 313 1466 sic
337 1404 474 1468 Lachm.
501 1427 557 1488 pro
587 1413 607 1470 i.
632 1435 661 1470 0.
687 1434 716 1491 p.
745 1414 844 1489 gravis
874 1395 1004 1470 ventivis
1031 1412 1097 1488 igni
1124 1412 1256 1490 impetus
1283 1411 1421 1469 incessit.
1477 1401 1480 1408 ’

258 1529 289 1568 0.
309 1509 381 1572 287.
405 1511 477 1570 290.
500 1511 574 1573 313.
596 1512 669 1574 318.
692 1512 766 1574 323.
791 1513 868 1573 3243
892 1509 933 1572 Ill
953 1516 1149 1574 celerifcrme
1166 1517 1345 1592 percurrunt
1361 1514 1423 1570 ful-

258 1616 340 1673 mina
361 1616 455 1693 lapsu.
489 1611 541 1674 Sic
561 1612 749 1695 Naugerius
771 1635 828 1696 pro
850 1618 894 1674 37.
926 1635 958 1674 v.
977 1615 1050 1676 326.
1075 1615 1148 1676 330.
1173 1613 1246 1676 337.
1264 1613 1338 1674 338.
1356 1613 1420 1674 341

259 1735 326 1794 sq.:
348 1721 455 1777 erescit
476 1721 575 1778 eundo
598 1721 626 1777 37
646 1721 759 1780 0311633
780 1726 872 1796 auget
887 1721 958 1779 viris
975 1721 1004 1778 37
1018 1721 1142 1779 3050333
1156 1721 1262 1778 133030.
1292 1737 1324 1776 0.
1343 1715 1420 1777 354.

197 1855 199 1858 ν
259 1818 331 1880 355.
350 1819 423 1880 356.
442 1819 515 1880 359.
533 1820 610 1880 364:
629 1843 698 1882 nam
714 1825 809 1882 fretus
824 1825 887 1902 ipse
897 1825 969 1882 anni
979 1824 1139 1901 permiscet
1149 1824 1244 1900 frigus
1254 1823 1283 1879 37
1293 1827 1422 1880 3333030.

258 1919 300 1981 Et
319 1918 457 1982 inseruit
478 1920 653 1989 Marullus.
686 1943 717 1983 0.
736 1923 809 1986 367.
828 1925 901 1986 389.
920 1924 994 1984 393.
1012 1923 1085 1984 395.
1107 1923 1185 1985 4103
1209 1945 1261 1984 303
1279 1925 1424 1983 tenebras

258 2032 329 2085 ante
350 2028 378 2084 37
400 2029 537 2087 fremitus
558 2029 587 2085 37
602 2049 756 2087 murmura
772 2029 896 2090 condit?
928 2048 958 2086 v.
976 2027 1050 2088 429.
1068 2025 1142 2087 435.
1159 2025 1234 2087 437.
1251 2025 1326 2086 038.
1344 2025 1423 2086 441.

239 2127 242 2134 ‘
260 2128 332 2188 005.
351 2129 424 2189 069.
442 2128 516 2190 076.
534 2131 609 2190 482.
626 2130 700 2190 093.
716 2130 790 2190 496.
808 2131 880 2190 518.
898 2131 971 2190 528.
989 2130 1062 2190 558.
1080 2129 1152 2190 583.
1170 2129 1242 2189 585.
1260 2127 1332 2189 587.
1346 2128 1422 2188 589.

260 2231 333 2292 592.
358 2232 429 2293 593.
454 2233 527 2294 619.
552 2232 625 2293 629.
644 2231 717 2294 630.
736 2232 808 2293 632.
828 2233 901 2294 636.
921 2234 994 2293 608.
1014 2233 1087 2294 650.
1106 2232 1179 2292 651.
1198 2231 1272 2293 663.
1290 2229 1352 2292 670
1369 2249 1423 2310 sq.

259 2337 290 2394 id
315 2358 434 2414 quoque
460 2338 541 2397 euim
564 2339 608 2410 fit,
634 2338 663 2394 37
688 2338 849 2397 ardescunt
869 2339 1011 2398 caelestia
1033 2338 1156 2416 templa,
1179 2337 1207 2394 37
1222 2341 1425 2418 tempestates

259 2441 379 2518 pluviae
396 2441 531 2516 graviore
547 2447 653 2499 coortu
669 2447 750 2499 suut.
775 2434 807 2498 0.Ι
826 2439 899 2500 680.
920 2439 991 2500 702.
1012 2439 1071 2499 716
1089 2457 1177 2518 sqq.:
1196 2441 1268 2498 anni
1282 2443 1423 2517 tempore

260 2563 295 2602 eo
311 2544 363 2621 qui
385 2545 495 2602 etesiae
515 2564 577 2602 csse
599 2545 738 2602 feruntur
758 2546 787 2601 37
803 2549 908 2602 300333
922 2546 1048 2603 fiuvium
1062 2546 1170 2603 flantes
1184 2547 1376 2602 remorantur
1391 2542 1423 2598 37

259 2647 355 2704 00633
375 2651 518 2722 cogentes
538 2667 638 2705 sursus
657 2648 786 2724 replent.
818 2665 849 2704 v.
870 2644 942 2705 728.
968 2644 1039 2705 761.
1065 2643 1137 2706 772.
1157 2642 1229 2705 795.
1247 2644 1321 2704 800.
1338 2641 1419 2703 9713

260 2750 363 2808 effluat
389 2750 553 2808 ambrosiae
581 2751 666 2827 quasi
691 2768 760 2808 0333
780 2751 810 2805 37
830 2750 953 2808 nectari’
973 2751 1095 2809 linctus.
1127 2743 1338 2806 sichaeum.
1361 2763 1421 2824 pro

260 2852 364 2909 effluat
379 2830 541 2911 ambrosias
558 2853 728 2930 quasivero
744 2856 775 2910 et
791 2857 911 2912 nectare
931 2854 1057 2926 tinctus,
1079 2847 1207 2911 dicens:
1230 2868 1324 2923 „non
1344 2867 1422 2927 pos-

261 2972 372 3012 sumus
390 2949 588 3032 coniungere
604 2971 672 3012 aero
690 2956 718 3012 37
733 2955 867 3022 nectare,
886 2949 962 3032 quia
977 2949 1152 3013 Lucretius
1169 2955 1198 3011 37
1215 2946 1421 3012 3001003313-

260 3073 335 3116 nem
360 3051 456 3116 alteri
480 3051 554 3115 voci
576 3075 642 3116 non
671 3052 854 3135 postponit.
891 3074 968 3134 ergo
995 3051 1204 3116 scribendum
1229 3058 1282 3114 est
1305 3056 1422 3114 Effluet

261 3162 345 3239 quasi
367 3163 476 3219 uere.“
506 3179 537 3218 v.
557 3159 655 3221 10113
680 3181 770 3239 quam
792 3162 883 3220 validi
906 3163 976 3220 ferri
992 3166 1101 3219 natura
1116 3145 1288 3237 et'frigidus
1304 3161 1419 3218 horror.

262 3257 315 3320 sic
331 3257 558 3321 Wakefieldus
579 3280 636 3341 pro
659 3268 783 3322 naturae
805 3265 840 3321 fr.
862 3265 891 3322 h.
923 3281 955 3321 v.
975 3262 1055 3323 1121
1074 3281 1163 3342 sqq.:
1186 3264 1266 3341 repit
1287 3263 1317 3320 37
1333 3281 1422 3320 omne

265 3399 296 3407 -
322 3367 488 3426 conturbat
517 3367 545 3423 37
574 3367 734 3425 immutare
762 3372 889 3426 coactat.
928 3384 960 3423 0.
990 3363 1069 3425 1171
1095 3369 1220 3425 ventum
1246 3366 1275 3422 37
1299 3366 1421 3442 frigora.

262 3487 291 3526 0.
321 3466 420 3528 12823
446 3470 603 3546 multaque
626 3489 672 3528 res
697 3471 814 3528 subitae
839 3471 868 3526 37
893 3475 1053 3548 paupertas
1076 3469 1199 3528 horrida
1222 3469 1326 3526 suasit.
1367 3460 1421 3524 Sic

261 3567 398 3632 Lachm.
417 3589 474 3649 pro
491 3568 645 3650 milliaque
660 3567 819 3651 achitofel.
852 3565 1041 3630 Quadratus
1057 3567 1159 3628 336773
1166 3571 1220 3651 fit.

346 3673 374 3756 β)
397 3670 438 3733 Et
460 3669 618 3732 omissum
639 3669 671 3732 in
694 3669 845 3733 omnibus
869 3667 1086 3753 complurium
1108 3667 1277 3732 nominum
1303 3667 1421 3731 ultimo

260 3780 393 3838 tantum
418 3772 608 3854 adiungitur
632 3773 680 3850 II,
699 3775 778 3836 8753
806 3781 930 3837 vertunt
954 3799 985 3836 se
1008 3778 1093 3837 fluvii
1118 3777 1238 3836 frondes
1260 3775 1289 3832 37
1312 3777 1423 3854 035013

261 3885 349 3943 lacta.
381 3876 448 3954 III,
466 3878 528 3940 395
550 3900 724 3940 concursare
747 3881 825 3940 coire
847 3882 876 3938 37
898 3882 1067 3940 dissultare.
1098 3874 1140 3951 V,
1159 3876 1232 3937 863.
1252 3877 1335 3938 1450
1352 3896 1418 3956 sq.:

262 3987 403 4065 praemia,
420 3984 543 4044 delicias
559 4005 678 4062 quoque
695 3985 775 4042 vitae
792 3985 930 4043 funditus
947 3985 1054 4058 omnis,
1074 3983 1215 4054 carmina,
1232 3982 1376 4059 picturas,
1392 3982 1423 4038 37

262 4089 387 4148 6336313
402 4089 488 4164 signa
504 4088 608 4165 polire.

347 4189 373 4272 y)
398 4188 437 4248 777
453 4184 587 4269 ponitur
603 4207 660 4268 pro
682 4184 772 4246 377337
792 4185 820 4262 Ι,
839 4187 916 4248 8303
939 4192 1030 4249 Nunc
1051 4189 1080 4246 37
1095 4191 1289 4264 Anaxagorae
1310 4191 1422 4245 scrute-

262 4317 328 4356 mur
344 4295 595 4355 homoeomerian.
628 4288 790 4370 Ι11,2303
815 4293 939 4352 301000
960 4294 1000 4352 313
1019 4293 1132 4351 mixtus
1152 4291 1181 4348 37
1200 4294 1259 4348 adr.
1290 4307 1322 4346 0.
1342 4287 1420 4348 2903

262 4407 308 4459 333
332 4400 361 4456 37
385 4399 496 4479 frigida
519 4398 626 4473 mults,
650 4417 749 4456 eomes
774 4397 952 4468 formidinis,
977 4415 1056 4454 aura.
1093 4389 1131 4468 V,
1150 4392 1227 4453 6103
1251 4394 1378 4453 forsitan
1394 4392 1423 4452 37
