3102 5002
408 429 507 474 essus
531 428 833 473 sussrsumvonuu.
859 427 1016 472 sooussr.
1248 411 1287 474 31

128 600 157 676 l,
178 601 478 682 162qu0quamque
500 604 642 662 indueere
662 604 771 680 pergis.
802 620 835 660 v.
854 595 909 660 57:
934 618 1027 680 quove
1048 603 1152 662 eadem
1173 623 1291 662 rursum

129 712 241 766 natura
262 713 419 786 perempta
438 708 578 766 resolvet.
610 701 654 763 ib.
673 723 704 763 v.
724 704 801 764 122ε
827 721 884 783 quo
901 725 998 782 neque
1010 706 1214 780 permaneam
1229 707 1291 764 aui·

128 830 206 883 mae,
228 804 269 867 de
286 827 349 887 quo
366 805 439 868 loeo
457 803 531 867 vide
546 804 697 881 Ilaehm,
721 809 779 865 aut
793 809 976 883 permanent
997 801 1207 864 scribendum
1228 809 1290 880 est,

129 913 189 970 aut
209 929 284 970 oum
305 914 488 971 eorreotore
510 906 599 969 Viot.
625 914 658 968 et
674 905 733 969 Pio
744 906 940 986 permutem,
959 928 990 967 v.
1008 905 1151 967 Pollium
1173 905 1290 989 philol.

128 1010 197 1072 vol.
216 1009 347 1088 XXVI,
364 1034 397 1093 pi
411 1013 483 1074 290.
510 1033 541 1071 v.
558 1011 635 1072 374:
654 1031 711 1092 quo
728 1015 844 1091 possint
860 1013 1002 1072 cedentes
1018 1015 1166 1072 confluere
1182 1015 1290 1072 undae.

128 1113 205 1176 378.
224 1115 297 1176 380.
316 1134 347 1174 v.
367 1115 443 1176 546:
467 1118 590 1177 dissolvi
612 1134 668 1196 que
689 1137 825 1195 quaeque
847 1137 986 1195 supremo
1006 1122 1142 1194 tempore
1165 1116 1291 1193 possint,

134 1244 166 1268 =
192 1214 227 1278 in
250 1235 344 1297 quae.
377 1239 407 1278 v.
427 1218 504 1278 699:
528 1238 584 1300 que
605 1223 766 1279 referemus
787 1219 890 1279 enim?
921 1238 952 1276 v.
972 1217 1072 1278 1077‘:
1096 1237 1152 1298 que
1169 1239 1294 1298 corpora

129 1344 197 1382 com
213 1327 371 1382 venerunt.
388 1318 436 1396 ll,
450 1321 522 1381 258.
536 1321 615 1381 318;
633 1339 689 1401 quo
706 1343 856 1400 quamque
872 1327 1014 1382 vocantes
1028 1323 1162 1381 invitant
1172 1323 1292 1382 herbae.

130 1422 343 1486 luetluet.
375 1420 438 1498 IV,
456 1423 533 1484 166:
556 1427 784 1504 speculumque
805 1445 933 1504 eumque
954 1426 1139 1486 obvertimus
1155 1425 1224 1497 oris,
1246 1446 1292 1484 res

129 1530 191 1588 sibi
209 1529 404 1606 respondent.
435 1522 590 1586 Laohm.:
613 1545 695 1606 „qm
716 1545 839 1606 eumque
860 1523 889 1584 1.
911 1523 948 1584 F.
973 1523 1158 1586 Gronovius
1180 1523 1213 1584 in
1235 1522 1292 1585 ob·

130 1626 356 1689 servationem
378 1625 462 1688 libro
479 1626 546 1704 ΙΙΙ,
565 1629 604 1689 19
625 1650 656 1709 p.
677 1629 738 1690 609
760 1647 816 1688 eur
836 1625 920 1689 ferre
941 1625 1027 1688 nolit
1043 1633 1077 1688 et
1093 1625 1217 1689 seribat
1233 1648 1291 1709 que

129 1750 272 1813 eumque,
303 1750 354 1792 me
384 1713 451 1792 non
474 1728 670 1811 intellegere
695 1729 816 1791 fateor:
849 1728 963 1791 videor
987 1728 1073 1791 enim
1098 1727 1178 1791 mihi
1202 1735 1291 1790 reete

130 1832 283 1894 dicturus
306 1853 376 1894 esse
398 1839 423 1896 si
442 1838 599 1914 speculum
618 1838 678 1895 hue
698 1831 743 1913 (id
764 1831 867 1893 estin
889 1832 966 1893 tane
987 1838 1126 1915 partem,
1151 1831 1292 1894 velutin

130 1935 285 1998 dextram
304 1957 409 1996 meam
432 1939 466 1996 et
486 1936 584 2018 paulo
607 1941 683 2018 post
704 1933 737 1996 in
753 1933 932 2017 sinisiram)
948 1945 1034 1998 verto
1051 1940 1089 1998 ob
1104 1941 1292 2017 superficiem

130 2043 186 2116 rei,
208 2043 258 2101 hio
283 2037 328 2120 (id
356 2043 408 2100 est
431 2037 528 2100 modo
553 2037 586 2100 in
612 2038 738 2114 dextra,
765 2036 862 2100 modo
888 2036 921 2098 in
944 2036 1088 2119 sinistra)
1112 2044 1224 2121 speeies
1246 2044 1292 2102 illi

130 2146 241 2204 similis
256 2145 449 2222 respondet.“
476 2163 505 2202 v.
527 2143 624 2204 1040.
643 2147 737 2204 eicere
754 2145 857 2224 idque
874 2165 904 2203 se
921 2146 1080 2204 oontendit
1096 2145 1161 2205 dira
1176 2147 1291 2205 lubido.

137 2243 176 2320 V,
195 2245 248 2306 36.
275 2243 336 2320 VI,
354 2245 432 2305 896:
459 2266 515 2326 que
540 2269 609 2308 eum
633 2249 819 2307 conveniunt
842 2253 896 2306 aut
921 2249 953 2306 in
977 2250 1076 2307 taedai
1097 2269 1220 2328 corpore
1242 2252 1292 2308 ad-

130 2354 269 2410 haerent.
300 2344 581 2428 interrogativum
591 2353 650 2425 ¹est
666 2346 708 2424 V,
725 2349 803 2410 328:
829 2369 885 2430 quo
901 2356 949 2410 tot
965 2353 1045 2410 faeta
1060 2353 1157 2410 virum
1178 2355 1292 2412 totiens

131 2454 277 2512 cecidere.
310 2447 455 2511 Additur
470 2450 523 2522 ecl,
541 2455 579 2512 ut
594 2449 654 2510 fiat
669 2471 725 2532 quo
742 2451 794 2512 erl.
828 2449 870 2527 V,
889 2452 989 2512 1033:
1014 2456 1115 2513 Sentit
1131 2456 1211 2514 enim
1231 2458 1293 2514 vim

18 2613 20 2628 ,
132 2558 261 2635 quisque
278 2576 362 2615 suam
377 2553 493 2635 quoae
507 2558 603 2635 possit
619 2558 713 2616 abuti.
744 2552 802 2614 L.:
826 2551 906 2629 „sic
927 2552 1109 2615 Lambinus
1130 2553 1182 2615 hio
1206 2552 1293 2615 utin

131 2655 182 2732 II,
200 2658 262 2738 850
285 2655 356 2738 [quo
373 2654 414 2715 ad
428 2651 536 2736 lieet]‚
559 2653 581 2716 i.
605 2676 633 2717 e.
657 2677 720 2736 qua
741 2663 851 2717 tenus.
875 2655 907 2717 in
925 2655 972 2732 ΙΙ,
992 2657 1053 2718 248
1075 2661 1156 2738 quod
1173 2681 1292 2720 eernere

132 2764 229 2840 possis
253 2755 331 2819 l'erri
354 2763 482 2839 potest,
510 2757 567 2820 sed
593 2759 698 2832 benus
720 2756 882 2840 interpres
903 2757 992 2820 dioet
1013 2780 1069 2842 quo
1090 2761 1145 2834 ecl,
1168 2781 1234 2821 non
1255 2766 1293 2821 ut

134 2859 325 2937 CreeehiuS,
351 2873 382 2922 et
405 2866 462 2924 hoe
486 2866 544 2942 ipsi
569 2865 648 2924 oeuli
673 2865 912 2924 demonstrant.“
952 2859 994 2938 V,
1023 2861 1120 2925 1273:
1148 2872 1180 2924 et
1203 2867 1293 2924 simul

133 2989 245 3046 ecquae
266 2969 307 3026 sit
325 2968 402 3040 finis,
423 2984 480 3046 que
502 2964 544 3024 ad
563 2970 682 3028 moenia
701 2969 807 3027 mundi
823 2969 948 3027 solliciti
963 2974 1064 3028 motus
1079 2970 1160 3027 hune
1176 2969 1293 3047 possint

133 3073 210 3131 ferre
227 3071 370 3130 laborem.
401 3064 443 3142 V,
464 3068 557 3129 1433.
575 3073 641 3143 Quo
662 3104 692 3114 -
715 3072 809 3151 usque
825 3067 948 3151 legitur
964 3067 1011 3144 ΙΙ,
1030 3070 1125 3130 1046.

224 3167 396 3232 Pertinent
420 3168 484 3229 huo
510 3169 689 3232 accusativi
715 3170 919 3234 adverbiales
942 3168 1162 3253 quantitatem
1183 3168 1291 3232 inten-

134 3271 239 3335 sivam
263 3270 332 3332 sive
356 3270 493 3353 gradum
522 3262 754 3354 exprimentes.
790 3272 843 3335 Sio
864 3273 913 3350 ΙΙ,
935 3275 999 3337 484
1019 3273 1146 3335 multum
1162 3279 1290 3336 variare.

133 3375 195 3452 IV,
214 3376 313 3437 1248:
337 3375 464 3436 mrellum
485 3380 658 3438 harmoniae
675 3381 799 3438 Veneris
819 3375 943 3464 defferre
957 3381 1113 3439 videntur.
1145 3375 1189 3448 V,
1208 3379 1292 3439 1112
1348 3363 1352 3368 ’

109 3503 202 3542 nam
225 3483 316 3542 l'aeies
336 3477 462 3538 multum
483 3477 594 3538 uetuit.
634 3477 695 3554 Vl,
721 3479 817 3541 1176:
845 3485 911 3542 sitis
936 3517 969 3525 —
995 3485 1144 3562 aequabat
1165 3479 1292 3541 remitum

133 3587 234 3663 parvis
262 3584 417 3642 umoribus
445 3585 581 3643 imbrem.
621 3580 805 3664 Plerumque
829 3581 897 3659 ΙΙΙ,
924 3585 996 3644 256.
1024 3584 1097 3646 207.
1124 3584 1198 3646 387.
1228 3580 1290 3659 IV,

136 3687 234 3748 104οι
253 3707 382 3764 namque
398 3707 502 3746 omnes
516 3683 695 3767 plerumque
711 3689 824 3746 eadunt
839 3690 871 3747 in
887 3690 1006 3748 vulnus.
1037 3708 1068 3747 v.
1088 3687 1187 3760 1236:
1211 3689 1292 3766 quod

127 3787 307 3869 plerumque
323 3794 441 3867 putant.
464 3787 557 3848 1265.
579 3785 619 3863 V,
638 3787 732 3848 1115.
751 3785 812 3862 IV,
832 3790 929 3850 124οι
948 3813 1018 3851 nem
1033 3793 1151 3851 steriles
1167 3787 1292 3849 mmmm

134 3914 231 3952 crasso
247 3899 319 3951 aunt
334 3893 448 3952 semiue
464 3894 583 3970 partim.
615 3887 676 3964 IV,
693 3889 771 3952 417:
797 3914 814 3951 a
833 3895 921 3953 terris
944 3896 1090 3974 quamtum
1112 3894 1187 3953 oaeli
1207 3898 1292 3970 patet
1411 3924 1416 3932 ,

134 3997 213 4055 altus
234 3996 344 4054 hiatus.
380 3989 419 4068 V,
441 3993 500 4053 561
524 3997 670 4074 querelem
689 3983 790 4056 tenuis
811 3997 920 4056 natura
942 3993 1042 4055 ualere
1058 3998 1162 4076 possit.
1195 3990 1237 4068 V,
1255 3993 1289 4054 3:

135 4100 238 4177 quisve
255 4094 338 4156 viam
359 4098 456 4156 verbis
478 4099 607 4156 temtum.
640 4093 683 4172 V,
702 4098 779 4158 613:
803 4101 925 4159 aestifer
943 4105 979 4160 ut
1001 4101 1119 4158 tamtum
1139 4100 1306 4158 radiorum·

134 4206 280 4280 exaugeat
304 4201 409 4260 ictum.
445 4195 498 4258 Sio
520 4197 686 4260 Antonius
706 4196 804 4260 Marii
830 4203 864 4260 et
883 4198 1057 4262 Marullus.
1096 4205 1140 4262 Ut
1160 4207 1291 4274 tantum,

136 4305 295 4382 quantum
310 4298 439 4362 scilieet
453 4297 523 4362 fieri
532 4297 770 4382 intellegimus,
787 4306 940 4364 radiorum
950 4310 1096 4382 exaugeat
1105 4307 1202 4365 ictum
1213 4300 1288 4382 (Iul.

41 4451 44 4458 .
135 4401 162 4480 Ι,
179 4406 241 4468 301
265 4403 445 4466 tantundem
459 4402 595 4482 pendere
616 4427 670 4484 par
690 4415 744 4466 est.
776 4405 836 4467 967
857 4410 1048 4468 tantundem.
1079 4402 1121 4482 V,
1142 4408 1205 4467 494
1226 4415 1290 4466 tan-
