3102 4988
259 397 320 458 148
662 412 805 456 vincon.
840 412 911 455 car.
942 412 1002 456 xn.

208 655 214 666 ⁸
257 579 481 658 Lactantium,
499 579 554 662 qui
570 580 621 642 his
637 581 784 643 versibus
795 579 899 642 utitur
908 579 986 643 inst.
1004 577 1071 656 III,
1085 582 1188 656 16,14
1203 579 1407 663 quipoccam:

257 681 315 745 scd
331 683 556 764 Heusingerus
575 683 608 746 in
630 680 912 746 observationibus
934 681 968 745 in
989 682 1142 745 Gothano
1165 681 1276 744 codice
1292 682 1408 762 poesim

258 791 369 848 extare
378 792 534 848 testatur.
558 785 706 862 v1,972:
724 791 836 868 quanil
845 795 891 849 est
900 791 1016 850 homini
1031 787 1110 869 qnod
1124 785 1408 869 amariu’vfrondeat

258 913 332 952 esca.
363 889 417 951 Sic
432 889 569 952 Lachm.
586 911 644 972 pro
660 913 720 971 qua
734 893 812 953 nihil
827 899 872 951 est
893 894 1009 952 homini
1029 893 1111 970 quod
1125 893 1235 951 marius
1251 893 1357 950 tiondc
1372 911 1408 949 ac
1531 941 1532 952 ,

257 1003 365 1056 exscet.
401 991 518 1072 Quippe
538 992 591 1054 abi
610 999 725 1073 quater
745 990 905 1074 reperitur
924 991 1009 1074 apud
1031 989 1237 1067 Lucretium,
1259 988 1310 1053 bis
1332 1011 1407 1052 cum

256 1094 446 1172 indicativo,
463 1094 492 1171 I,
511 1096 588 1158 617:
611 1095 722 1178 quippe
742 1095 793 1156 abi
808 1099 950 1158 dimidiae
965 1100 1059 1176 portis
1074 1089 1141 1177 pars
1157 1119 1273 1176 semper
1287 1092 1408 1155 habebit

257 1203 412 1262 dimidiam
436 1211 561 1281 partem.
599 1197 763 1274 1V,434;
795 1196 895 1260 semel
924 1217 998 1258 cum
1025 1195 1152 1280 imperf.
1179 1195 1407 1272 conditionali,

258 1300 288 1377 I,
299 1305 377 1364 99οε
395 1301 506 1384 qnippe
520 1301 572 1363 abi
586 1306 726 1364 materies
742 1306 838 1364 omnis
854 1305 1007 1363 cumulata
1021 1299 1146 1372 iaceret,
1164 1298 1265 1362 semel
1275 1304 1407 1361 tantum
1532 1292 1533 1348 ῗ

259 1425 331 1466 cum
352 1424 428 1466 vero
449 1402 668 1479 coniunctivo,
686 1402 730 1481 V,
747 1405 841 1479 1158,
866 1401 921 1485 qui
941 1401 1081 1465 fortasse
1101 1401 1300 1464 antecedens
1322 1401 1408 1462 debeb

260 1526 390 1569 causam
407 1506 517 1568 habet.

346 1629 390 1670 m.
420 1608 636 1670 Coninoelivaa
645 1607 679 1669 ia
694 1607 959 1670 etiamalionibaa
967 1606 1169 1681 secundariis,
1186 1628 1263 1692 qaae
1271 1607 1409 1687 ,pudent
1532 1599 1533 1664 i

221 1761 225 1770 .
260 1732 296 1772 en
318 1710 455 1772 oratione
476 1711 597 1795 obliqua
617 1712 667 1772 cel
682 1709 758 1788 tuliis
773 1711 1048 1784 inundationibus,
1065 1732 1143 1794 qaae
1156 1710 1267 1772 habear
1282 1710 1408 1772 cocion-
1532 1721 1533 1742 ¹

259 1814 380 1876 clivum.
402 1814 430 1891 I,
442 1816 519 1876 626:
537 1821 634 1878 victus
644 1819 755 1877 fateare
765 1825 915 1877 necessest
925 1839 987 1878 esse
1003 1839 1037 1876 ea
1051 1835 1128 1898 qaae
1142 1818 1234 1877 nullis
1249 1819 1309 1876 iam
1324 1837 1410 1895 prae·

260 1922 326 1980 dita
341 1922 477 2000 partibus
493 1923 594 1978 entend
610 1926 642 1980 et
649 1921 775 1980 minima
783 1920 919 1978 constent
928 1927 1036 1980 natirra
1045 1919 1191 1999 (conulent
1201 1939 1258 2000 pro
1268 1921 1409 1978 coartant

256 2019 443 2102 Marullus).
480 2019 528 2097 ΙΙ,
553 2022 629 2082 226:
654 2045 715 2100 quo
739 2025 829 2082 citius
852 2029 969 2084 rectum
992 2045 1046 2103 per
1068 2026 1158 2083 inane
1171 2019 1323 2104 ferantur
1347 2017 1408 2100 (sic

257 2131 346 2184 recte
362 2121 537 2204 Briegerus
553 2121 639 2183 Phil.
657 2121 787 2200 XXIV,
804 2146 836 2206 p.
853 2125 916 2186 436
932 2143 1005 2185 cum
1022 2122 1095 2185 cod.
1113 2121 1327 2204 Victoriano).
1357 2121 1407 2198 Il,

258 2227 335 2288 337:
353 2230 405 2287 sed
420 2231 566 2306 quianon
580 2231 671 2306 volgo
687 2205 770 2308 pai-ia
784 2231 923 2289 omnibus
940 2231 1040 2289 omnia
1054 2231 1202 2288 constent.
1227 2225 1284 2287 L.:
1302 2223 1408 2302 „Itali

257 2333 407 2389 constant.
444 2326 489 2390 sic
514 2325 598 2389 infra
621 2351 652 2390 v.
680 2332 741 2392 694
766 2329 959 2411 quadratus,
986 2329 1149 2412 oblongus
1174 2333 1287 2390 constet
1310 2347 1409 2410 super

257 2429 468 2524 adscriptoya
487 2429 544 2493 sed
555 2451 629 2492 cum
638 2430 671 2493 in
687 2455 718 2493 v.
733 2435 793 2496 724
803 2431 877 2494 libri
888 2431 1096 2494 consentiant
1105 2430 1139 2493 in
1150 2430 1406 2507 coniunctivum,

256 2532 342 2595 malo
353 2532 473 2615 ubique
484 2539 629 2611 constent,
640 2534 833 2618 praesertim
843 2557 915 2597 cum
925 2534 1046 2616 ubique
1057 2533 1406 2605 oratioaconiunctivo

256 2657 415 2719 suspensa
430 2635 513 2698 sit.“
536 2636 598 2716 IV,
617 2640 676 2700 195
693 2643 746 2702 ubi
765 2675 796 2684 -
817 2645 952 2701 ferantur
967 2636 1195 2702 coniunctivae
1210 2637 1244 2700 in
1259 2638 1407 2700 membro

256 2739 297 2800 ab
317 2738 575 2821 interrogatione
594 2740 769 2823 pendente,
792 2761 824 2802 v.
845 2741 995 2819 Lachm.,
1018 2740 1073 2822 qui
1093 2740 1200 2804 addit:
1223 2739 1408 2819 „simillimi

256 2849 335 2903 sunt·
356 2840 379 2902 ii
400 2841 601 2905 coniunctivi
621 2865 702 2924 quos
722 2845 880 2906 habemus
900 2842 935 2906 in
956 2843 1031 2906 libri
1046 2843 1101 2906 III
1121 2865 1217 2906 versu
1238 2846 1298 2908 507
1320 2851 1354 2906 et
1373 2845 1408 2906 in

258 2943 321 3021 VI,
333 2947 434 3006 855.“
453 2944 514 3022 IV,
525 2948 586 3008 491
597 2969 604 3006 :
623 2956 653 3009 et
667 2953 748 3028 quod
757 2947 909 3010 molleaii.
933 2947 994 3022 IV,
1006 2951 1084 3011 598:
1095 2953 1289 3030 conloquium
1299 2951 1408 3010 clausis

256 3051 370 3108 foribus
394 3071 513 3128 quoqne
537 3073 624 3132 saepe
648 3055 699 3112 ubi
725 3051 836 3112 demae.
874 3050 928 3113 Sic
950 3049 1086 3113 Lachm.
1109 3071 1183 3133 pro:
1205 3050 1408 3132 Conloquium

258 3149 368 3211 clausis
383 3154 496 3212 foribus
512 3176 631 3234 quoque
647 3176 733 3235 saepe
754 3158 899 3217 videmus.
930 3151 993 3229 IV,
1011 3156 1084 3216 681.
1104 3153 1143 3230 V,
1162 3157 1238 3216 293:
1261 3165 1409 3237 perpetuo

257 3251 292 3312 oi
307 3252 480 3332 suppeditet
495 3257 570 3316 lucis
587 3265 677 3337 caput
686 3262 794 3338 ipsum.
816 3256 857 3333 V,
875 3258 952 3319 518:
971 3267 1017 3319 est
1027 3261 1118 3319 ctiam
1128 3281 1247 3339 quoque
1257 3263 1304 3320 uti
1313 3263 1410 3339 possit

259 3360 374 3440 caelqm
391 3380 478 3418 omne
493 3381 612 3420 manere
627 3364 659 3421 in
674 3365 814 3437 statione,
830 3368 932 3422 tamen
947 3384 1015 3422 cum
1031 3355 1132 3422 lucida
1146 3365 1233 3440 signa
1242 3359 1407 3444 serantur.

261 3456 450 3518 Quadratus
460 3458 623 3541 seruntur.
655 3460 697 3536 V,
714 3465 791 3524 844:
813 3485 867 3524 nec
889 3469 984 3524 tacere
1004 3471 1040 3524 ut
1054 3468 1352 3545 possent-quiequam
1373 3499 1405 3508 -

260 3584 316 3622 nec
331 3585 447 3622 sumere
463 3563 641 3647 quodsoret
656 3590 734 3626 usus.
767 3565 820 3625 Sic
837 3563 972 3626 Lachm.
990 3586 1047 3647 pro
1063 3566 1154 3637 colet,
1173 3565 1256 3628 utin
1275 3565 1335 3642 IV,
1347 3567 1407 3628 831

262 3669 368 3740 facere,
384 3668 422 3725 ad
438 3670 530 3726 vitam
548 3689 623 3747 quae
638 3672 716 3729 foret
731 3693 811 3730 usus.
843 3667 885 3744 V,
904 3670 985 3731 1841
1003 3688 1075 3749 sqq.

751 3929 822 4010 Cap.
845 3931 916 3990 XII.

509 4110 563 4176 De
586 4111 758 4177 numeris
778 4122 816 4178 et
837 4113 1018 4200 personis
1041 4113 1162 4182 verbi.

254 4373 257 4380 Ι
350 4287 380 4346 l.
404 4283 531 4346 Numeri
546 4285 639 4346 verbi.
666 4285 840 4366 Siuqolario
855 4289 946 4351 verbi
962 4309 1058 4373 saepe
1074 4289 1205 4372 ponitur
1216 4287 1412 4366 ahucretio,

266 4385 293 4446 si
315 4386 354 4447 ad
375 4389 542 4470 complura
563 4388 712 4452 subiecta
731 4391 874 4471 pertinet
892 4392 1126 4475 praedicatum,
1148 4392 1217 4455 sive
1231 4392 1290 4454 illa
1305 4391 1414 4456 omnia
