3102 5000
383 437 558 482 Amnc'rlvs
581 439 619 482 ET
641 438 837 484 PARTIOIPIA.
885 440 1062 484 ADVERBIA.
1240 419 1298 484 117

150 632 184 692 p.
205 610 255 685 73,
273 614 308 686 8;
327 607 504 690 quadratus
514 614 628 690 potest.
659 608 699 686 V,
718 611 752 672 l:
770 615 836 694 quis
845 609 931 690 potis
947 614 1000 670 est.
1028 607 1074 686 ΙΙ,
1094 611 1191 692 1089:
1211 634 1299 691 quam

149 737 247 794 genus
268 737 356 776 omne
377 718 457 795 quod
479 717 523 774 est
542 717 708 794 generatim
725 711 892 774 abendam.
925 711 966 789 V,
985 714 1061 774 881:
1080 721 1213 795 potestas
1230 717 1299 774 hine

150 820 236 880 illinc
251 821 344 899 partis
359 825 395 878 ut
409 821 505 896 siper
521 836 583 876 esse
598 821 728 898 potissit.
754 814 807 878 Sic
817 815 953 878 Lachm.
971 835 1044 898 pro:
1062 839 1115 898 par
1129 821 1174 878 vis
1189 824 1224 877 ut
1239 840 1300 878 non

150 925 192 983 rit
215 943 282 1002 pars
307 923 524 1002 esse-potissit,
548 917 675 982 dicens:
706 924 770 997 „ut
796 918 941 982 membra
964 916 1040 980 hinc
1064 916 1139 988 inde
1164 924 1301 1000 negaret
1383 914 1385 918 ’

151 1022 273 1106 (poeta)
298 1021 366 1104 pari
389 1027 556 1105 potestate
582 1042 652 1086 esse
677 1042 784 1105 posse.
811 1021 937 1102 potissit
960 1026 1081 1098 antem,
1108 1019 1170 1083 nisi
1191 1019 1298 1098 fallor,

151 1123 352 1187 coniunctim
380 1123 501 1187 rectius
531 1123 725 1202 scribemus,
758 1123 832 1207 quia
855 1123 888 1185 in
920 1130 1053 1186 senatus
1084 1123 1233 1186 consulto
1260 1123 1299 1184 de

150 1225 414 1290 Bacchanalibus
430 1227 518 1290 facto
536 1227 693 1311 scriptum
710 1233 762 1291 est
777 1233 846 1292 ubei
861 1232 1167 1310 facilumedgnosoier
1175 1226 1298 1307 potisit,

150 1352 218 1394 non
232 1330 318 1411 potis
337 1330 410 1393 siet:
436 1336 469 1393 et
489 1330 566 1394 huic
588 1329 707 1394 similia
723 1336 800 1393 sunt
814 1331 945 1411 petisset
960 1329 993 1392 in
1008 1329 1197 1414 praeterito,
1215 1329 1300 1412 quod
1377 1392 1379 1396 ,

150 1455 328 1516 numquam
340 1433 493 1497 scribitur
502 1439 648 1516 potesset,
667 1440 701 1496 et
709 1432 968 1515 potisseinfinite
977 1432 1122 1517 positum
1132 1456 1150 1496 a
1160 1431 1298 1511 Lucilio,

151 1535 179 1600 si
195 1535 297 1598 Nonii
311 1535 478 1600 codicibus
496 1542 627 1600 constat
643 1537 724 1600 fides
736 1559 771 1620 p.
789 1539 863 1614 445,
881 1540 933 1601 31.
955 1535 996 1599 ab
1012 1535 1063 1598 his
1080 1535 1208 1599 diversa
1224 1543 1302 1598 sunt

143 1639 230 1722 potis
253 1661 330 1712 sum,
352 1639 435 1720 potis
460 1661 501 1713 es,
527 1639 607 1720 potis
629 1645 682 1718 est,
702 1640 795 1721 potia
816 1646 871 1713 esi,
892 1638 977 1721 potis
997 1645 1080 1713 sent,
1101 1636 1185 1720 pitis
1204 1639 1246 1701 sis
1267 1638 1300 1702 in
1410 1705 1413 1712 ,

150 1743 297 1805 Poenulo
315 1741 425 1804 Plauti
439 1742 500 1820 IV,
513 1745 543 1821 2,
556 1743 606 1821 53,
618 1743 703 1824 potis
717 1742 790 1805 siem
805 1741 839 1804 in
855 1743 1039 1806 Mercatore
1054 1742 1102 1819 ΙΙ,
1121 1745 1151 1820 2,
1169 1745 1224 1805 59:
1243 1743 1300 1805 sed

142 1845 230 1927 potis
253 1867 316 1908 esse
339 1851 373 1908 et
390 1845 574 1926 potisesset
599 1853 656 1908 aut
679 1867 857 1928 numquam
880 1845 948 1929 legi
968 1852 1110 1908 autnon
1131 1844 1301 1908 memini.“

148 1949 275 2012 Poena
299 1947 499 2012 coniunctim
528 1947 687 2032 scriptum
711 1953 804 2012 extat
827 1949 912 2033 apud
938 1948 1127 2012 Lucretium
1152 1948 1200 2028 ΙΙ,
1227 1951 1299 2012 225.

148 2052 206 2116 Ad
221 2051 383 2116 adiectiva
397 2050 541 2136 pertinet
559 2051 659 2117 etiam
673 2073 801 2126 neeesse,
820 2051 906 2134 quod
923 2058 974 2114 est
989 2058 1143 2116 neutrum
1157 2076 1188 2116 v.
1201 2075 1300 2115 seces·
1317 2120 1318 2124 ,

148 2155 205 2218 sis.
236 2155 298 2235 IV,
321 2158 382 2220 516
406 2180 525 2220 necesse
549 2165 603 2220 est.
640 2155 701 2234 VI,
725 2156 786 2219 272
810 2164 967 2220 necessest.
1003 2155 1131 2220 Necesse
1154 2162 1198 2218 est
1223 2155 1299 2218 oiim

107 2337 112 2350 .
147 2257 299 2342 impressi
324 2265 358 2321 et
378 2257 544 2322 Antonius
568 2280 626 2342 pro
650 2263 792 2322 necessse.
833 2257 910 2321 Alia
933 2257 1037 2322 forma
1062 2265 1114 2322 est
1137 2281 1298 2339 secessum,

149 2363 238 2444 quod
260 2367 352 2426 extat
373 2362 420 2440 ΙΙ,
442 2364 521 2426 468;
543 2375 597 2426 ne'c
618 2372 721 2426 tamen
740 2369 814 2426 haec
836 2367 960 2427 retineri
980 2351 1102 2427 hamata
1121 2371 1300 2426 necessumst

149 2464 371 2550 (Exemplaria
380 2471 492 2528 vetera
500 2487 634 2538 necessu,
648 2465 733 2548 quod
744 2470 932 2550 nonpotest
940 2464 1102 2550 intellegi,
1119 2490 1150 2529 v.
1163 2467 1299 2532 Lachm.
1330 2527 1333 2534 ,

149 2568 192 2632 ad
201 2567 262 2646 ΙΙΙ,
275 2568 360 2651 815),
377 2568 458 2631 item
466 2568 526 2646 IV,
540 2571 618 2633 121:
635 2575 715 2633 unde
731 2575 830 2632 anima
845 2575 936 2652 atque
952 2576 1044 2634 animi
1060 2580 1178 2634 constet
1193 2581 1301 2636 natura

148 2671 353 2736 necessumst?
381 2694 412 2734 v.
431 2674 504 2735 932.
523 2670 565 2750 V,
584 2675 622 2738 57
644 2679 677 2736 in
699 2697 733 2737 eo
756 2697 845 2756 quam
866 2672 908 2734 sit
923 2677 1029 2737 durare
1044 2694 1206 2736 secessum.
1238 2674 1298 2752 VI,

148 2776 229 2840 475:
255 2799 325 2840 nam
349 2781 426 2840 ratio
446 2774 698 2855 conscripsissem
718 2782 870 2840 umoribus
893 2782 969 2840 ollis
1006 2799 1037 2839 v.
1062 2778 1140 2841 879:
1156 2777 1300 2862 fripe'das

147 2883 195 2941 est
219 2884 310 2942 etiam
334 2884 399 2942 fons
425 2883 506 2941 cett.
542 2877 595 2941 Sic
618 2877 698 2942 Itali
722 2884 755 2941 et
776 2878 955 2942 Brixiensis
981 2878 1080 2942 editio
1105 2902 1163 2964 pro
1176 2880 1297 2965 sciens.

148 2980 181 3059 Ι,
204 2983 244 3044 94
266 2981 361 3060 et-V,
384 2985 402 3046 9
425 2987 572 3066 princeps.
608 2981 637 3060 I,
655 2984 733 3045 119:
761 3007 836 3066 quae
861 2983 946 3045 clare
970 2988 1092 3046 clueret.
1123 2983 1152 3062 Ι,
1170 2987 1231 3046 956
1249 3006 1296 3067 sq.

149 3083 387 3169 utrnmfies'tcm
402 3091 540 3149 funditus
556 3110 644 3149 omne
660 3094 788 3164 constet,
804 3111 841 3150 sn
857 3087 1030 3150 immensum
1044 3095 1148 3170 pateat
1157 3096 1299 3170 vasteque

145 3187 346 3272 perpendam,
372 3187 419 3267 ΙΙ,
437 3190 497 3253 279
506 3187 753 3273 praecisamque
769 3195 842 3273 rapi.
867 3188 915 3267 H,
932 3192 1011 3253 845:
1030 3202 1061 3253 et
1076 3196 1178 3256 sonitu
1192 3191 1299 3253 sterila

149 3302 183 3354 et
206 3315 276 3354 suco
300 3289 405 3354 ieiuno
429 3298 575 3356 feruntur.
606 3290 672 3370 ΙΙΙ,
696 3295 757 3356 997
781 3292 938 3378 tristisque
959 3299 1082 3358 recedit.
1118 3293 1297 3372 V1‚1196:

148 3400 216 3458 Nec
231 3399 323 3459 nimio
338 3393 433 3475 apide·
448 3403 517 3478 post
532 3403 614 3458 artus
629 3404 726 3459 morte
741 3401 887 3462 iacebant.
914 3395 967 3459 Sic
981 3419 1039 3481 pro
1049 3395 1150 3477 rapide
1161 3397 1297 3464 Lachm.

148 3495 318 3561 Attractio
340 3497 469 3580 generis
485 3497 519 3560 in
534 3497 722 3582 praedicato
738 3505 831 3562 extat
840 3499 902 3578 IV,
913 3503 954 3564 49
965 3522 1053 3583 sqq.:
1071 3525 1170 3589 rerum
1187 3508 1299 3584 effigias

147 3605 309 3684 tenuisque
333 3607 443 3684 figuras
466 3607 583 3666 mittier
606 3607 643 3665 ab
667 3608 766 3682 rebus,
794 3643 825 3650 -
852 3629 927 3686 quac
947 3610 1032 3686 quasi
1046 3611 1236 3670 membranae
1252 3611 1300 3670 vel

146 3708 250 3766 certes
273 3703 525 3768 oomiaitoodost.
562 3704 608 3768 sic
631 3705 797 3769 Antonius
819 3705 915 3770 Marii
940 3714 973 3770 et
993 3707 1173 3772 Brixiensis
1199 3707 1298 3774 editio

147 3827 206 3890 pro
222 3805 285 3889 pai.

235 3929 263 3971 c.
288 3909 452 3988 Adeerbie.
484 3909 512 3987 I,
530 3913 608 3976 402:
631 3937 734 3977 verum
753 3918 853 3978 animo
875 3914 951 3977 sotis
971 3922 1045 3979 haec
1068 3921 1194 3998 vestigia
1209 3941 1300 4000 parva

97 4069 102 4078 .
148 4017 250 4094 sagaci
273 4018 354 4076 seret.
393 4012 460 4091 III,
479 4016 540 4078 238
564 4039 618 4078 nec
642 4025 744 4080 tamon
767 4023 841 4080 haec
864 4018 940 4081 setis
964 4024 1035 4081 sant
1060 4023 1139 4082 cett.
1170 4018 1219 4096 ΙΙ,
1237 4022 1297 4086 568

149 4121 249 4199 palam
265 4123 319 4179 est.
344 4114 411 4195 III,
429 4117 505 4181 307:
524 4117 575 4180 Sic
590 4125 746 4184 hominum
761 4145 856 4202 genus
872 4127 926 4184 est.
953 4145 984 4184 v.
1002 4125 1062 4186 921
1080 4127 1121 4186 sic
1138 4147 1209 4186 esse.
1235 4123 1297 4200 IV,

148 4221 229 4282 489:
255 4244 326 4297 non,
351 4228 386 4283 ut
411 4226 526 4304 opinor,
551 4221 596 4284 ea
622 4225 678 4287 est.
708 4222 775 4300 ΙΙΙ,
793 4226 853 4288 861
879 4224 985 4288 misere
1006 4231 1030 4289 si
1052 4232 1129 4289 forte
1151 4247 1298 4310 sepesque

150 4321 329 4384 fatescant.
363 4322 423 4400 IV,
446 4327 508 4389 812
526 4325 659 4406 proinde
682 4347 743 4389 esse
766 4334 851 4410 quasi
876 4334 956 4391 cett.
992 4351 1022 4391 v.
1042 4331 1102 4394 856
1123 4336 1297 4413 proculcat.

150 4424 192 4502 V,
211 4426 292 4490 1157
308 4430 341 4488 id
349 4425 426 4510 sore
441 4427 528 4492 elem.
560 4428 621 4507 IV,
640 4431 720 4493 1951
737 4436 763 4496 si
778 4431 939 4496 commisces
955 4437 1008 4494 est.
1041 4432 1082 4511 V,
1101 4436 1177 4498 133:
1202 4458 1298 4516 neque
