3102 5000
264 415 304 478 68
675 433 830 480 sonoros.
864 435 935 482 ons.
952 435 998 480 ru.

255 625 315 684 pro
336 625 424 688 quero
444 603 745 670 contre'Heudium
764 605 799 670 in
814 605 997 670 Tursellino
1018 605 1080 684 IV,
1098 628 1130 689 p.
1148 609 1221 684 616,
1244 613 1411 691 comperet

253 727 314 787 pro
329 711 376 779 ci,
386 727 467 787 pree
481 712 528 780 ot,
539 728 619 788 prae
634 730 735 792 quaro,
752 715 878 792 praeter
893 731 994 793 qoem,
1012 714 1085 790 poet
1100 731 1199 793 qoam,
1220 715 1292 773 arcte
1307 732 1408 794 quaro,

259 828 349 888 super
363 829 463 892 quoru
1237 806 1256 863 0

344 909 548 994 Praepositio
561 931 621 991 pro
641 913 671 995 e)
686 909 772 976 idem
789 911 956 994 significet
977 932 1015 976 ac
1036 907 1100 974 ioco
1115 934 1143 975 s.
1160 911 1260 974 irretio
1275 911 1409 976 chorius

257 1013 313 1076 rei.
345 1012 413 1091 ΙΙΙ,
436 1015 514 1078 3671
541 1020 565 1077 si
580 1035 640 1095 pro
653 1013 782 1100 scribes
800 1024 872 1079 sunt
893 1020 1009 1081 lumine
1026 1023 1137 1080 nostre.
1168 1014 1231 1092 IV,
1253 1018 1331 1080 466:
1348 1037 1407 1096 pro

256 1114 331 1176 eicie
355 1124 391 1178 ut
414 1121 477 1179 sint
499 1139 576 1198 quae
600 1140 661 1180 uon
680 1125 752 1180 sunt
771 1121 900 1180 sensibu’
920 1121 992 1180 visa.
1022 1117 1154 1180 v..761:
1180 1141 1271 1199 quem
1289 1121 1408 1181 redditu

249 1239 310 1298 pro
324 1217 390 1280 cito
405 1223 465 1282 iem
480 1243 560 1282 mors
575 1226 607 1281 et
626 1227 706 1282 terra
727 1223 864 1302 potitust.
895 1217 949 1281 Sic
965 1217 1196 1282 Lachmannus
1211 1240 1270 1302 pro
1285 1219 1406 1282 reddito

254 1320 331 1383 oiiu.

338 1421 373 1506 b)
404 1421 500 1484 Idem
529 1420 695 1504 significet
725 1422 813 1504 quod
841 1423 1016 1496 recensitum,
1048 1422 1168 1486 ratione
1197 1423 1332 1486 alicuius
1359 1423 1406 1486 rei

253 1524 368 1589 tabita.
401 1524 430 1602 I,
448 1527 527 1589 807:
550 1549 604 1589 sue
624 1551 678 1608 pro
700 1536 794 1610 perte.
824 1524 889 1600 IV,
907 1528 968 1590 550
991 1551 1044 1609 pro
1066 1535 1160 1610 perte.
1191 1525 1232 1604 V,
1250 1527 1327 1590 257:
1350 1551 1405 1609 pro

252 1637 338 1711 perte
357 1653 419 1694 sua.
450 1626 498 1706 II,
522 1629 599 1692 231:
621 1634 694 1693 hoec
712 1649 769 1709 pro
782 1628 971 1710 ponderibus
992 1651 1076 1692 cesus
1096 1634 1224 1694 celerare
1244 1638 1404 1693 necessest.

251 1730 294 1808 V,
312 1734 346 1794 2:
368 1736 441 1809 Quis
462 1736 542 1814 potis
565 1740 611 1794 est
630 1737 757 1813 dignum
777 1737 906 1816 pollenti
925 1741 1047 1815 pectore
1068 1757 1187 1796 carmen
1207 1737 1335 1796 condere
1344 1752 1404 1812 pro

250 1857 350 1898 rerum
364 1833 523 1896 maiestate
537 1833 644 1916 iisque
666 1833 816 1916 repertis?
846 1833 900 1898 sic
915 1833 1305 1926 Lambinusvconiecture
1324 1855 1402 1919 pror

204 2001 208 2017 .
249 1961 304 2020 pro
323 1961 423 2001 rerum
442 1942 609 2000 maiestatis
628 1945 720 2019 etque
741 1942 877 2020 repertis.
907 1960 940 2001 v.
956 1941 994 2002 4:
1021 1943 1073 2021 qui
1092 1943 1205 2020 fingere
1226 1942 1329 2001 leudes
1343 1957 1403 2018 pro

249 2040 365 2104 meritis
380 2045 443 2105 cius
459 2045 563 2124 possit.
593 2062 625 2103 v.
644 2041 723 2104 231:
741 2065 796 2104 nec
810 2045 906 2104 verius
922 2050 1071 2124 quaerunt
1085 2048 1183 2104 vestes
1198 2061 1257 2121 pro
1273 2045 1403 2121 tempore

249 2148 333 2208 caeli.
363 2165 394 2206 v.
419 2144 516 2206 1058:
543 2167 597 2227 pro
616 2148 698 2207 vario
718 2167 816 2208 sensu.
851 2166 883 2207 v.
908 2145 1007 2208 1111:
1022 2165 1082 2224 pro
1091 2142 1184 2228 fecie
1204 2127 1349 2226 cuiusque
1371 2150 1403 2207 et

246 2243 363 2308 onibus
383 2244 574 2328 imperioque.
606 2267 637 2307 v.
656 2245 754 2310 1174:
776 2270 924 2330 vocesque
942 2251 1084 2331 superbas
1099 2251 1221 2310 mittere
1236 2267 1295 2328 pro
1308 2244 1402 2330 fecie

224 2357 231 2386 1
241 2347 406 2429 praeclaro
423 2356 455 2410 et
469 2346 585 2410 uiribus
599 2346 720 2428 copiis.
752 2347 814 2428 VI,
832 2351 932 2414 1281:
956 2355 1082 2432 quisque
1097 2375 1185 2412 suum
1199 2370 1259 2432 pro
1273 2369 1307 2410 re
1322 2373 1401 2412 com-

247 2459 369 2535 postum
383 2458 516 2516 maestus
531 2454 685 2514 humabat.

331 2555 360 2637 o)
380 2553 431 2616 De
446 2551 708 2616 remuneratione
723 2551 853 2616 dicitur.
878 2552 1056 2632 111,1014:
1074 2578 1237 2637 poenorum
1246 2573 1307 2632 pro
1322 2556 1398 2616 mele

233 2656 349 2742 factis.
381 2655 424 2733 V,
441 2658 520 2720 118:
538 2661 669 2739 pendere
684 2680 734 2720 eos
749 2681 860 2739 poenus
875 2655 993 2718 inmani
1002 2677 1061 2737 pro
1076 2656 1191 2718 sceiere
1207 2659 1314 2718 omnis.

331 2757 463 2822 'Pmesin
485 2757 519 2821 in
540 2757 778 2842 compositione
798 2778 872 2822 eum
891 2758 993 2822 verbo
1015 2779 1113 2841 pessa
1132 2763 1185 2822 est
1200 2755 1399 2842 praepositio

246 2862 308 2941 VI,
326 2865 424 2927 1264:
441 2867 540 2926 multu
554 2867 606 2926 siti
621 2870 774 2945 protracte
788 2866 868 2924 viem
883 2886 936 2944 per
945 2881 1064 2944 proque
1079 2861 1198 2924 voluto.

332 2965 404 3028 Siue
419 2964 448 3043 Ι,
466 2967 523 3030 991
541 2970 605 3028 rinc
620 2973 660 3028 te.
681 2987 714 3028 v.
732 2966 809 3028 155:
827 2984 916 3044 opera
932 2963 999 3026 eice
1014 2969 1125 3028 divom.
1148 2962 1195 3040 ΙΙ,
1214 2964 1290 3025 1681
1309 2967 1401 3026 deum

244 3069 310 3132 eree
333 3068 466 3131 numios.
506 3066 535 3146 I,
559 3069 637 3131 192:
663 3073 728 3132 sine
753 3072 842 3132 certis
866 3070 1022 3132 imbribus.
1057 3089 1089 3130 u.
1113 3067 1192 3129 198:
1218 3089 1309 3150 quam
1333 3063 1401 3126 sire

239 3170 406 3253 principiis
427 3175 520 3234 ullam
539 3173 602 3234 rein
623 3175 748 3234 existere
768 3195 863 3253 posse.
900 3191 939 3240 v.
955 3169 1032 3232 213:
1054 3173 1163 3230 oestro
1175 3167 1242 3230 cirre
1262 3191 1399 3250 quaeque

245 3273 347 3336 iubere
362 3282 471 3359 sponte
485 3298 539 3338 sue
553 3280 651 3338 multo
667 3278 730 3338 fieri
745 3278 869 3338 meliore
883 3277 1008 3337 videres.
1030 3293 1063 3334 v.
1081 3272 1159 3334 363:
1176 3275 1240 3334 sine
1256 3274 1399 3354 pondere.

245 3375 274 3454 I,
291 3379 354 3440 396
370 3382 434 3440 sinc
448 3381 541 3455 inani,
557 3375 638 3439 item
653 3398 685 3438 V.
703 3377 776 3440 510.
794 3376 868 3440 532.
886 3376 960 3438 538.
982 3412 1013 3420 -
1034 3396 1067 3438 v.
1083 3374 1162 3438 443:
1185 3378 1249 3436 sine
1264 3385 1400 3456 torpere,

244 3478 325 3542 item
340 3478 407 3558 ΙΙΙ,
426 3482 499 3544 166.
518 3481 591 3545 508.
610 3481 672 3544 554
687 3500 755 3561 sq.:
779 3483 821 3542 sic
841 3483 958 3542 enimus
979 3502 1032 3561 per
1047 3502 1078 3542 se
1093 3502 1154 3541 non
1170 3480 1238 3558 quit
1251 3475 1318 3537 sice
1333 3495 1399 3538 cor-

240 3603 317 3665 pore
340 3592 371 3647 et
394 3582 460 3665 ipeo
484 3608 546 3648 esse
570 3581 698 3646 ionice.
730 3603 761 3644 v.
785 3583 859 3644 560.
884 3581 954 3660 781.
979 3580 1052 3645 788.
1078 3577 1122 3657 V,
1144 3579 1206 3643 132
1227 3599 1252 3668 ⁸:
1277 3597 1401 3657 corpore

245 3691 325 3750 oriri.
356 3684 385 3764 I,
407 3689 553 3768 451sq.:
578 3691 642 3750 sine
662 3689 817 3768 perniciali
837 3688 973 3748 discidio.
1004 3681 1071 3760 ΙΙΙ,
1089 3683 1150 3746 390
1172 3686 1236 3744 sine
1256 3684 1398 3764 pernicie.

246 3811 276 3852 v.
295 3790 356 3853 347
372 3787 439 3851 sirie
447 3793 536 3869 peste
550 3787 699 3870 coeloque.
723 3784 752 3865 I,
770 3788 848 3851 6011
865 3785 931 3848 cirre
940 3784 1084 3867 partibor
1100 3792 1192 3848 extet.
1208 3781 1270 3861 ΙΙ,
1288 3786 1324 3844 5:
1343 3787 1400 3844 tua

244 3891 311 3954 eice
319 3897 412 3974 porte
427 3897 541 3974 pericli.
565 3889 595 3968 Ι,
613 3893 697 3954 10541
712 3911 779 3972 sq.:
797 3895 861 3953 siue
876 3892 947 3952 ullis
963 3891 1073 3951 ictibus
1089 3890 1228 3950 externis.
1253 3883 1302 3963 ΙΙ,
1318 3886 1397 3947 8091

244 3992 357 4056 circeo
374 3992 519 4078 (luminis
529 3992 613 4076 ictu),
625 3997 689 4056 fieri
698 4016 759 4056 non
769 4015 855 4074 posse
864 3995 1033 4074 putendum
1043 3998 1098 4054 est.
1120 3988 1168 4068 ΙΙ,
1180 3991 1237 4052 991
1255 3993 1400 4070 quonium

245 4104 377 4181 spatium
392 4098 458 4162 rire
463 4101 531 4184 fior
545 4097 729 4179 modoquest.
760 4118 792 4159 v.
811 4095 889 4158 193:
906 4099 971 4158 sinc
985 4099 1017 4156 vi
1031 4097 1200 4174 subigente.
1231 4089 1299 4168 III,
1316 4090 1397 4153 333:

245 4201 310 4264 sine
325 4207 449 4266 ulterius
464 4200 506 4264 oi.
538 4198 586 4278 ΙΙ,
603 4200 684 4264 423:
707 4205 782 4264 hcut
803 4196 870 4259 eice
879 4195 1065 4277 principiali
1081 4194 1184 4278 aliquo
1205 4193 1304 4256 iecore
1319 4217 1399 4256 cres·

244 4312 317 4368 test.
326 4326 359 4367 v·
369 4307 447 4368 425:
465 4329 526 4370 uon
536 4302 641 4386 aliquo
650 4300 715 4364 eice
724 4306 866 4365 materiae
876 4299 1016 4383 squalore
1025 4307 1182 4384 repertast.
1199 4319 1231 4360 v.
1244 4297 1319 4360 795:
1331 4294 1400 4356 cipe

246 4407 364 4470 6111-
384 4432 457 4472 esse.
486 4429 519 4470 v.
537 4407 616 4469 939:
634 4412 770 4468 constere
791 4442 822 4450 -
842 4401 1016 4465 sinceriore
1036 4401 1112 4464 olio.
1139 4399 1205 4477 III,
1225 4400 1302 4465 113:
1325 4405 1399 4462 effu-
