3102 5002
383 433 480 476 casus
501 433 803 478 sussrnrvuvonun.
829 433 1020 477 cnnnmvus.
1236 418 1277 480 49

123 620 155 660 v.
175 600 253 662 95⁷:
271 609 303 663 et
317 609 499 684 tempestate
514 607 546 666 in
561 611 642 666 terra
656 608 799 685 caeloque
815 613 926 679 coorta,
947 609 979 666 in
994 609 1109 668 caelum
1126 613 1280 687 terrasque

122 707 256 764 remorae
276 708 341 766 iura
359 709 519 768 facessunt.
551 703 593 766 V.
616 704 657 768 de
676 704 949 788 interpretatione
971 705 1068 768 huius
1089 705 1154 768 looi
1172 705 1280 768 Lach-

123 823 283 867 mannum
299 805 520 888 (tempestatis
536 805 570 868 in
587 807 714 870 caelum
726 814 895 890 terrasque
912 808 1076 872 resolutae
1092 807 1162 870 iura
1177 807 1282 871 faces·

124 905 220 986 sere).
252 928 284 968 v.
304 909 380 971 958:
404 915 649 992 quandoquidem
673 916 717 974 nil
735 920 781 974 est
801 917 859 975 nisi
880 935 947 976 raro
963 911 1091 992 corport'
1108 936 1195 974 nexu.
1227 909 1281 973 Sic

123 1005 263 1069 Lachm.
280 1031 338 1091 pro
354 1017 433 1075 nihil
448 1021 494 1076 est
508 1018 567 1076 nisi
582 1038 648 1077 raro
664 1038 787 1096 corpore
803 1039 921 1078 nexum.
951 1037 983 1076 v.
1003 1016 1101 1077 1006:
1119 1018 1283 1097 primordia

112 1109 215 1193 ferri.
247 1134 279 1173 v.
302 1115 401 1176 1148:
427 1114 509 1176 vocis
528 1120 576 1178 via
595 1123 699 1199 saepta
718 1122 828 1179 coibat.
859 1138 891 1178 v.
914 1118 1012 1179 1153:
1038 1116 1118 1178 vitai
1142 1121 1281 1180 claustra.

124 1235 156 1274 v.
170 1215 271 1276 115⁷:
288 1214 343 1276 leti
357 1221 417 1278 iam
426 1221 531 1280 limine
541 1223 572 1282 in
583 1223 657 1301 ipso.
680 1217 771 1281 Infra
786 1241 817 1280 v.
832 1222 914 1282 1908
931 1225 1037 1283 limina
1052 1223 1116 1284 leti.
1139 1241 1169 1282 v.
1184 1220 1281 1282 1177:

124 1340 181 1378 nec
202 1323 321 1398 requies
342 1327 407 1382 erat
427 1324 491 1381 ulla
509 1320 596 1383 mali.
628 1343 659 1382 v.
685 1324 783 1385 1205:
807 1327 987 1405 profluvium
1007 1346 1095 1404 porro
1117 1327 1169 1403 qui
1190 1320 1284 1383 taetri

124 1419 287 1498 sanguinis
302 1445 368 1483 acre
384 1427 505 1485 exierat.

213 1521 395 1605 Coniungit
410 1523 586 1588 Lucretius
601 1532 719 1589 neutra
734 1524 973 1588 adiectivorum
988 1531 1022 1588 et
1038 1524 1285 1609 participiorum

126 1623 210 1704 perf.
228 1645 315 1706 pass.
333 1625 368 1688 in
383 1626 503 1709 plurali
518 1627 702 1710 positorum
718 1649 793 1690 cum
808 1627 972 1710 genetivis
989 1628 1283 1705 substantivorum,

126 1725 167 1787 de
185 1746 249 1806 quo
270 1726 345 1790 vide
361 1728 486 1811 Reisig.
505 1751 643 1812 gramm.
661 1729 722 1793 lat.
739 1754 771 1814 p.
791 1733 852 1794 636
868 1729 979 1812 ibique
997 1729 1155 1794 Haasium
1170 1729 1284 1793 adnot.
1399 1723 1402 1728 ¹

127 1830 202 1890 524.
250 1829 304 1891 Sic
319 1830 348 1906 Ι,
366 1835 406 1894 80
422 1837 519 1914 prima
536 1838 678 1896 virorum.
708 1833 737 1910 I,
755 1835 833 1896 315:
853 1839 1014 1916 strataque
1028 1839 1089 1897 ism
1104 1839 1187 1915 volgi
1202 1838 1286 1916 pedi-

126 1935 183 1993 bus
208 1936 322 1996 detrita
345 1932 474 1996 olorum.
510 1934 572 2012 IV,
594 1937 673 1998 415:
700 1945 796 1998 strata
819 1942 944 1999 viarum.
975 1935 1037 2012 Vl,
1060 1938 1123 1999 339
1147 1945 1287 2018 penetrat

127 2057 181 2114 per
195 2055 269 2096 rora
285 2035 414 2098 ciorum.
434 2036 461 2114 I,
474 2039 550 2100 340:
568 2037 760 2120 sublimaque
770 2038 860 2101 cccli.
877 2038 925 2115 ΙΙ,
939 2041 1021 2102 1100
1038 2044 1159 2102 66611-
1174 2063 1286 2102 serena.

127 2135 156 2212 I,
181 2137 263 2200 1090
291 2144 325 2199 66
348 2137 409 2216 VI,
432 2141 472 2202 96
498 2146 617 2203 caerula
640 2145 724 2204 caeli.
763 2141 794 2218 I,
817 2143 895 2204 659:
922 2146 1015 2204 ardua
1038 2146 1111 2204 dum
1135 2149 1288 2218 metuunt,

127 2244 278 2302 amittunt
293 2261 363 2302 cero
382 2240 456 2302 olai.
488 2241 549 2319 IV,
567 2244 645 2305 361:
668 2267 805 2306 saxorum
824 2253 948 2308 struma.
982 2242 1011 2320 Ι,
1028 2246 1091 2306 489
1112 2249 1289 2326 peraccepta

127 2341 280 2404 domorum
306 2348 418 2407 clamor
436 2349 463 2407 it
484 2369 517 2407 ac
542 2370 638 2410 voces
669 2344 730 2422 VI,
749 2348 810 2433 859
836 2355 923 2429 septa
946 2352 1115 2410 domorum.
1148 2345 1207 2422 Vl,
1227 2348 1287 2409 951

126 2469 181 2526 per
210 2443 345 2524 dissepta
373 2446 524 2510 domorum
556 2473 643 2512 saxea
672 2473 759 2511 voces
791 2454 985 2532 pervolitant.
1025 2447 1072 2524 II,
1100 2451 1161 2512 115
1192 2472 1285 2530 opaca

127 2552 295 2610 domorum.
326 2548 387 2626 IV,
406 2551 483 2612 612:
510 2556 582 2614 dum
606 2557 717 2615 transit
743 2552 850 2614 clausa
875 2551 1037 2614 domorum.
1085 2550 1225 2615 Versum
1250 2548 1284 2611 in

127 2649 193 2710 fine
217 2649 373 2712 mutilum
397 2651 542 2734 suplevit
566 2637 798 2716 Lachmannus
824 2675 864 2716 ex
887 2653 972 2717 libro
997 2652 1025 2731 I,
1048 2655 1125 2728 354,
1151 2651 1207 2714 ubi
1233 2657 1285 2712 est

126 2759 216 2815 Inter
228 2761 333 2835 saepta
341 2764 444 2818 meant
453 2779 541 2819 voees
555 2765 586 2819 et
600 2761 701 2820 clausa
710 2761 867 2820 domorum
878 2761 1114 2820 Transvolitant.
1130 2753 1191 2830 vl,
1204 2756 1282 2816 561:

126 2879 205 2937 quae
225 2865 298 2918 sunt
317 2861 455 2919 ernasto
477 2858 640 2920 (torcorum.
658 2858 720 2936 VI,
732 2861 793 2922 990
813 2868 937 2942 propter
952 2864 1128 2922 dissimilem
1145 2865 1284 2919 naturam

126 2963 274 3039 testaque
289 2979 400 3020 rerum.

214 3059 270 3122 Ad
299 3059 492 3142 genetivum
522 3061 693 3143 qualitatis
726 3061 898 3126 referenda
928 3068 980 3124 est
1013 3061 1113 3125 etiam
1144 3060 1286 3122 formula

126 3161 286 3224 Lucretio
308 3163 483 3226 admodum
503 3163 713 3247 frequentata
733 3187 787 3230 nec,
801 3188 847 3227 me
861 3165 958 3228 animi
966 3165 1082 3250 justit,
1100 3163 1146 3226 sic
1163 3163 1192 3240 I,
1210 3165 1283 3227 136.

125 3269 202 3328 922.
220 3265 263 3342 V,
280 3267 332 3328 97.
379 3265 465 3330 Vide
481 3266 632 3330 Lindem.
653 3267 694 3329 ad
711 3268 820 3330 Plaut.
839 3267 912 3330 Mil.
930 3268 1016 3350 glor.
1033 3266 1100 3343 ΙΙΙ,
1119 3270 1149 3344 1,
1168 3269 1241 3329 124.
1265 3349 1270 3368 ἱ

468 3525 505 3575 11.
544 3525 724 3577 Genetivus
744 3528 942 3576 obiectivus.

215 3678 245 3757 a)
271 3676 563 3760 (temporalitatis.
591 3677 664 3740 Huc
680 3677 826 3761 pertinet
839 3677 978 3762 primum
989 3675 1165 3760 genetivus
1175 3676 1285 3757 pretii,

124 3784 167 3840 ut
182 3777 211 3855 I,
230 3780 309 3842 8172
332 3785 436 3861 magni
451 3785 552 3844 refert.
583 3779 613 3859 I,
631 3783 691 3844 908
714 3787 870 3862 permagni
888 3786 1007 3844 referre.
1041 3779 1089 3858 II,
1108 3781 1168 3842 760
1184 3784 1288 3860 magni

126 3887 212 3962 quod
231 3875 333 3945 refert.
365 3880 412 3958 II,
431 3885 492 3945 883
510 3905 560 3964 sq.
582 3891 685 3965 magni
707 3923 736 3930 -
757 3890 880 3960 referre,
902 3881 984 3946 item
999 3905 1030 3946 v.
1049 3885 1122 3946 894.
1146 3880 1207 3958 IV,
1225 3884 1288 3945 984

13 4037 14 4046 ,
128 3990 167 4046 66
183 3985 266 4047 1957
277 4007 284 4042 :
307 4009 403 4067 usque
418 3990 493 4048 adeo
508 3985 612 4065 mopsi
627 3985 733 4070 refert.
765 4008 797 4047 v.
815 3988 914 4048 1264:
936 3989 968 4047 id
990 4009 1110 4068 quoque
1127 3982 1288 4065 permapoi

127 4093 232 4150 refert.
264 4086 306 4164 V,
324 4091 401 4150 545:
430 4093 532 4170 magni
557 4093 659 4152 refert.
690 4088 751 4165 VI,
770 4089 852 4152 1916
870 4109 918 4168 sq.
944 4093 1048 4169 magni
1067 4091 1288 4169 pendebantur.

129 4188 260 4251 Deinde
282 4210 358 4271 gen.
382 4190 540 4252 materiae.
573 4189 844 4267 11,663,fiumine
866 4196 964 4272 aquai.
995 4189 1037 4266 V,
1054 4191 1116 4252 949
1133 4211 1200 4271 sq.=
1223 4195 1288 4272 qui-

128 4298 186 4354 bus
207 4317 224 4354 e
245 4297 364 4356 scibant
388 4293 496 4354 umori'
516 4299 631 4356 fluenta
654 4299 770 4356 lubrica
795 4300 931 4375 proluvie
959 4299 1042 4372 larga
1066 4297 1165 4355 lavere
1187 4298 1290 4355 umida

129 4419 207 4458 saxa.
254 4394 308 4456 Sic
329 4394 465 4458 Lachm.
491 4416 556 4458 sec.
579 4395 767 4458 Bentleium
792 4417 850 4479 pro
876 4416 988 4456 umore.
1022 4416 1053 4456 v.
1073 4397 1171 4458 1418:
1192 4394 1274 4476 pelli

183 4497 269 4544 1101166,
284 4499 310 4536 Li
312 4508 401 4538 nnnnnn
403 4501 433 4537 ta.
1058 4501 1076 4548 4
