3102 5002
479 410 752 454 Panisosruouns
777 411 843 454 ouu
867 411 940 454 nun.
1245 395 1284 455 55

126 577 253 658 rupious
263 583 332 640 diei.
349 601 380 640 v.
393 581 471 641 968:
489 603 576 642 umor
585 603 679 661 aquae
689 605 778 662 porro
794 586 906 644 sermm
921 585 1069 642 condurat
1084 579 1121 640 ab
1137 579 1215 660 ipuu',
1234 579 1287 642 oui

126 681 205 742 loco
221 680 319 763 plane
336 679 451 743 similis
468 687 520 743 est
534 681 627 744 loeus
644 679 686 759 V,
705 685 800 760 1106,
819 681 877 744 ubi
893 680 1031 744 (ioebel.
1049 687 1178 764 quaest.
1195 705 1228 766 p.
1247 685 1287 744 26

44 774 51 786 ’
127 781 318 846 certissima
342 782 570 870 emendatione
601 783 733 867 scripsit
761 790 916 868 vitamque
943 789 1073 868 priorem
1103 794 1288 849 commutare

126 893 217 950 novis
233 891 443 950 monstrabant
458 890 547 950 rebus
562 887 599 948 ab
615 884 693 966 ipui.
717 909 749 949 v.
767 889 867 950 1054:
885 893 1001 970 respuit
1016 887 1052 948 ab
1067 907 1109 949 ae.
1136 907 1168 951 v.
1186 889 1287 951 1191:

127 1012 148 1050 a
157 988 353 1071 pedibusque
368 994 544 1052 minutatim
559 995 717 1054 succedere
733 996 828 1071 frigus
843 1015 905 1054 non
920 994 1090 1054 dubitabat.

218 1091 251 1173 b)
272 1089 478 1174 Significatio
501 1090 565 1154 looi
585 1090 783 1154 transfertur
803 1092 845 1154 ad
859 1097 1003 1176 tempus.
1034 1092 1064 1169 Ι,
1081 1095 1160 1156 554:
1186 1100 1222 1156 ut
1245 1097 1290 1160 nil

129 1219 166 1258 ex
182 1198 245 1257 illis
261 1216 280 1255 u
297 1199 377 1256 certo
393 1199 523 1273 tempore
543 1203 646 1277 posset
665 1203 845 1277 conceptum
866 1219 983 1258 summa
1002 1200 1111 1259 aetatis
1126 1199 1289 1277 pervadere

128 1301 209 1360 finis.
241 1318 272 1358 v.
294 1298 368 1360 769:
390 1306 526 1380 tempore
548 1302 585 1361 ab
607 1303 698 1387 omni.
729 1296 797 1374 III,
819 1299 897 1360 331:
921 1302 960 1361 ab
975 1303 1091 1379 origine
1107 1303 1212 1380 prima.
1244 1295 1287 1374 V,

130 1402 211 1462 548:
231 1398 337 1478 prima
360 1408 506 1482 concepta
529 1399 566 1461 ob
590 1389 846 1480 cuipiuc'mundi.
886 1422 917 1484 u.
942 1402 1021 1463 678:
1046 1405 1091 1463 ita
1113 1424 1160 1465 res
1183 1405 1290 1464 mundi

130 1507 268 1566 cecidero
290 1501 326 1562 ab
349 1501 465 1583 criptae
478 1501 593 1582 primu.
630 1501 692 1579 IV,
716 1503 778 1564 538
800 1527 898 1566 sermo
923 1540 956 1548 —
982 1526 1105 1566 aurorae
1125 1507 1290 1585 perductus

130 1603 169 1666 ab
187 1602 340 1666 esuriente
354 1603 465 1667 uidere.
497 1604 540 1682 V,
558 1605 636 1668 977:
658 1604 682 1666 α’
693 1604 801 1684 porcia
816 1611 898 1687 quod
914 1610 996 1668 enim
1011 1613 1191 1668 consuerant
1206 1608 1288 1667 cett.

219 1707 249 1789 e)
279 1706 393 1768 Motus
426 1705 518 1769 notio
549 1705 746 1770 transfertur
776 1705 818 1770 ad
847 1707 993 1784 actiones,
1026 1689 1113 1790 qnae
1139 1705 1290 1770 alicunde

131 1814 294 1872 exeuntes
315 1807 382 1872 vim
401 1831 494 1872 suam
515 1815 680 1872 exercent.
713 1807 911 1893 Saepissime
931 1808 965 1871 id
986 1809 1026 1872 fit
1041 1809 1128 1893 apud
1143 1807 1290 1893 passivas

130 1910 226 1974 verbi
250 1909 388 1988 formas,
418 1909 584 1974 interdum
609 1909 708 1974 etiam
732 1911 819 1994 apud
843 1910 1082 1976 intransitivae.
1123 1911 1288 1995 (Kampm.

132 2015 155 2076 1.
175 2035 205 2078 o.
228 2035 261 2095 p.
281 2015 345 2096 17).
381 2013 409 2090 I,
433 2015 511 2076 813:
537 2013 716 2076 adiutamur
744 2051 776 2060 —
805 2024 897 2097 atquc
921 2014 1035 2078 obruar
1058 2040 1113 2080 nos
1137 2013 1228 2077 certis
1253 2013 1291 2076 ud

131 2115 231 2178 rebeus.
264 2114 313 2192 II,
332 2117 387 2178 99:
404 2139 472 2199 pars
488 2121 580 2179 ctiam
600 2121 741 2181 brevibus
761 2107 869 2200 spatiis
886 2123 1037 2180 occantur
1057 2117 1094 2178 ab
1114 2117 1190 2179 ictu.
1221 2115 1289 2192 III,

132 2223 212 2283 285:
234 2229 270 2283 ut
291 2223 434 2301 quiddam
445 2217 522 2301 ficri
542 2223 682 2282 videatur
702 2219 740 2281 ud
762 2219 897 2282 omuibus
917 2244 1022 2284 unum.
1053 2242 1085 2282 v.
1103 2221 1183 2284 323:
1206 2224 1292 2283 Haec

131 2331 229 2405 igitur
244 2331 353 2386 natura
368 2326 488 2382 terretur
503 2341 625 2401 corpore
640 2320 677 2384 ub
693 2321 786 2384 omui.
807 2343 839 2384 v.
851 2323 929 2386 430:
947 2345 967 2384 u
982 2321 1071 2384 tcuuu'
1086 2343 1180 2386 causa
1195 2326 1292 2403 magis

129 2433 194 2490 icta
212 2433 361 2489 movetur.
393 2445 423 2485 v.
442 2425 521 2486 522:
543 2428 677 2486 flectitur
692 2448 710 2488 a
724 2429 883 2490 medicina.
913 2447 945 2488 v.
964 2426 1041 2489 56⁷:
1062 2433 1207 2489 tenentur
1228 2449 1291 2488 cor·

128 2555 202 2614 porc
223 2532 261 2591 ab
283 2532 374 2591 omni.
406 2525 468 2602 IV,
485 2527 562 2589 478:
580 2531 715 2590 invenies
730 2523 842 2606 primis
863 2527 901 2590 cb
923 2527 1058 2590 sensibus
1078 2531 1291 2590 assurrectum
1319 2571 1322 2578 ›

129 2637 274 2698 notitiem
288 2635 361 2694 veri.
386 2651 418 2691 v.
435 2630 490 2691 55]
506 2651 513 2690 ι
530 2633 675 2711 asperitas
697 2666 727 2674 -
747 2635 829 2694 vocis
835 2632 879 2715 fit
894 2629 931 2691 ab
947 2623 1115 2710 asperitate
1129 2634 1291 2713 principio·

130 2761 208 2798 rum.
239 2756 271 2796 v.
294 2734 371 2796 591:
397 2737 463 2795 loca
487 2731 612 2794 derata
631 2730 668 2794 ab
693 2730 784 2794 dicia
817 2754 847 2794 v.
872 2733 971 2796 1087:
997 2731 1147 2812 uestiuput'
1171 2755 1292 2814 quoque

131 2863 219 2921 posse
234 2835 272 2898 ab
289 2835 388 2897 codem
404 2854 526 2914 corpore
540 2840 699 2898 flammam.
731 2856 764 2897 v.
782 2837 881 2898 1168:
904 2845 937 2898 at
952 2840 1058 2899 Lamia
1077 2842 1109 2897 et
1129 2857 1293 2898 mammosa

132 2945 223 3004 Ocres
249 2945 295 3001 est
321 2925 387 3019 ips'a
407 2935 444 2998 ub
467 2934 588 3010 Iusto,
617 2935 705 3018 quod
725 2944 777 3000 est
798 2936 944 3020 elliptice
967 2935 1103 3014 dictum,
1127 2957 1159 2999 v.
1181 2935 1291 3000 Hand.

132 3039 276 3104 Tursell.
298 3038 327 3117 I,
345 3061 378 3122 p.
397 3040 448 3101 29.
472 3036 534 3115 IV,
554 3041 651 3102 1234:
675 3049 762 3122 pater
776 3062 795 3100 o
811 3039 918 3120 puetis
933 3066 971 3104 ne
993 3038 1134 3102 dulcibus
1150 3063 1293 3120 umquam

133 3142 320 3225 appelletur.
349 3139 392 3218 V,
411 3143 489 3204 222:
512 3140 612 3204 saccis
626 3120 783 3222 proiectus
805 3142 842 3204 ab
858 3141 951 3206 undis
966 3149 1077 3206 navita.
1108 3164 1141 3204 v.
1158 3135 1238 3204 300:
1256 3140 1294 3202 ab

135 3244 271 3308 omuibus
286 3242 408 3324 ipuibus
423 3249 451 3306 ci
466 3248 593 3308 exitium
612 3280 644 3290 -
665 3244 793 3307 celatur.
817 3266 850 3307 v.
868 3246 947 3310 306:
964 3270 1026 3309 non
1041 3250 1157 3328 lapides
1172 3267 1294 3327 quoque

135 3346 219 3412 aaa
234 3351 331 3410 cernis
347 3346 384 3407 ab
400 3366 484 3408 accc.
508 3368 538 3408 v.
555 3348 631 3410 358:
650 3371 748 3430 neque
763 3346 801 3410 ab
817 3345 1039 3432 icussuupu'tur
1055 3347 1100 3429 (h.
1114 3368 1142 3410 e.
1159 3345 1295 3430 patitur)

136 3457 243 3516 hilum.
269 3471 299 3510 v.
319 3451 396 3512 604:
414 3454 537 3512 utinen
552 3471 659 3530 mapuo
675 3454 746 3514 solis
761 3449 798 3511 ab
814 3448 880 3530 ipuu‘
895 3475 963 3514 aera
978 3455 1126 3532 percipiat
1146 3486 1178 3496 —
1198 3453 1294 3513 ardor.

137 3553 199 3631 VI,
221 3553 296 3615 709:
314 3575 383 3614 nam
399 3576 498 3633 neque
513 3551 680 3636 eumferuo
696 3577 751 3616 nec
760 3551 886 3637 stipere
901 3557 1020 3616 vincere
1036 3559 1131 3635 possis
1145 3556 1297 3616 interiisse

136 3681 235 3740 neque
252 3677 271 3716 a
287 3653 385 3716 morbo
400 3679 498 3737 neque
519 3659 598 3718 forte
612 3674 737 3718 correus.
769 3677 801 3717 v.
820 3656 898 3718 72οε
921 3679 998 3738 quae
1015 3653 1130 3735 putidis
1145 3654 1182 3718 ab
1197 3652 1298 3716 sicllia

137 3765 200 3824 axis
216 3761 362 3837 spuatur.
384 3777 416 3819 v.
434 3758 513 3821 875:
530 3763 562 3820 in
575 3762 677 3822 lucem
693 3757 819 3820 aemulo
835 3763 959 3822 rarescit
974 3757 1012 3820 ub
1028 3762 1124 3820 aestu.
1145 3779 1177 3820 v.
1196 3757 1295 3819 1079:

138 3868 260 3944 aerique
280 3883 329 3922 aes
344 3859 469 3940 plumbo
490 3865 526 3922 fit
547 3865 593 3923 uti
615 3859 762 3940 iuupuiur
778 3859 815 3921 ab
836 3859 926 3924 albo?
955 3881 987 3922 v.
1006 3862 1106 3925 1266:
1130 3857 1298 3920 interclusa

139 3971 240 4030 anima
255 3960 352 4024 uimc'u
368 3961 405 4022 ab
422 3961 583 4024 dulcedius
599 3986 754 4045 aquarum.

231 4065 317 4126 Cum.
339 4064 368 4142 I,
387 4067 465 4129 114:
482 4070 619 4130 simul-
633 4069 800 4150 nobiscum.
816 4088 848 4129 v.
863 4065 940 4130 777:
958 4070 1130 4148 mixtusque
1145 4067 1300 4127 videbitur

141 4179 191 4234 air
206 4189 274 4232 cum
290 4173 373 4230 terra
388 4168 481 4230 siuaul
499 4178 591 4250 atque
606 4173 695 4231 ardor
711 4188 775 4230 cum
790 4189 858 4235 rosc
873 4151 1003 4232 manere.
1025 4166 1093 4244 ΙΙΙ,
1111 4167 1191 4230 639:
1209 4170 1300 4230 simul

142 4298 210 4336 cum
226 4295 360 4354 corpore.
392 4294 424 4333 v.
443 4271 519 4334 667:
542 4276 668 4335 divisast
683 4294 809 4354 eaquae
824 4276 885 4335 fuit
900 4295 961 4334 una
975 4269 1067 4332 simut
1081 4290 1147 4332 curu
1165 4288 1297 4350 corpora.

143 4375 204 4452 VI,
222 4375 302 4438 276:
320 4399 412 4457 seque
427 4379 518 4438 simul
533 4395 598 4435 cum
614 4394 647 4434 eo
664 4372 847 4438 commiscuit
861 4372 938 4454 ipua'.
961 4371 989 4449 I,
1007 4374 1084 4434 130:
1102 4396 1170 4435 cum
1185 4375 1299 4454 primis.
