3102 5000
252 373 313 436 100
663 389 815 432 reseres.
848 391 919 434 cnr.
937 391 982 432 11.

250 571 363 622 scatere
378 562 430 620 illa
445 563 522 620 fores
539 557 569 617 iu
586 563 724 636 stuppam
740 565 861 624 semina.
890 579 922 620 v.
940 560 1022 622 1130
1038 563 1092 621 illa
1107 583 1227 641 quoque
1243 558 1277 620 iu
1294 580 1403 639 corpus

250 667 362 744 pariter
379 664 497 723 sorbere
512 671 670 723 necessest.

333 762 367 844 b)
392 751 555 844 Exprimit
578 760 675 845 dirigi
698 762 842 845 aliquem
865 762 1027 832 actionem
1050 763 1218 826 hostiliter
1242 763 1403 827 adversus

249 859 315 928 r'em
337 871 396 928 aut
414 863 589 926 hominem.
621 865 683 943 VI,
700 868 777 929 399:
798 891 895 948 neque
905 865 1010 945 percit
1025 866 1057 927 iu
1073 866 1190 929 tostis?
1220 889 1252 929 v.
1270 869 1349 930 957:
1368 868 1403 929 ic

249 969 364 1030 caelum
379 974 536 1049 terrasque
556 1005 586 1012 -
607 973 673 1031 iura
687 974 846 1033 facessunt.
1144 962 1147 968 ¹

332 1072 361 1152 e)
391 1069 572 1153 Separatim
596 1071 694 1134 affero
719 1072 752 1133 ic
776 1093 850 1134 eum
874 1092 942 1132 ecc.
969 1069 1171 1132 substantivi
1193 1093 1280 1151 pars,
1312 1072 1404 1154 quod

184 1171 187 1176 ’
248 1172 400 1256 exprimit
423 1195 491 1236 rem
515 1172 599 1236 verti
628 1173 661 1236 in
691 1172 831 1255 aliquam
856 1172 1034 1255 regionem,
1066 1196 1262 1256 quamquam
1293 1173 1403 1237 multa

247 1275 343 1338 huius
365 1274 493 1358 generis
514 1277 662 1360 exempla
680 1275 745 1338 iam
764 1275 798 1338 in
813 1275 1033 1360 superioribus
1049 1276 1137 1360 apud
1151 1276 1284 1358 singula
1299 1277 1403 1341 verba

247 1377 358 1442 attuli.
390 1378 419 1456 Ι,
436 1383 513 1442 9661
536 1380 569 1442 iu
590 1379 684 1442 omnis
704 1385 884 1443 tantundem
899 1379 1003 1458 partis
1023 1385 1177 1444 infinitum
1199 1405 1288 1443 omne
1309 1386 1402 1445 relin-

246 1488 323 1564 quit.
354 1481 401 1558 ΙΙ,
419 1484 480 1546 210
497 1506 563 1565 sq.:
585 1489 629 1546 sol
645 1487 771 1564 dissipat
786 1481 881 1544 erucis
896 1488 1031 1546 ardorem
1048 1482 1080 1544 iu
1097 1483 1213 1563 partie.
1245 1506 1278 1546 v.
1297 1487 1399 1548 1048:

246 1591 278 1648 in
299 1597 421 1648 cunctas
448 1622 479 1630 -
500 1591 603 1668 partis.
634 1584 676 1661 V,
694 1588 773 1649 589:
799 1594 916 1648 mutare
939 1591 1060 1649 videtur
1084 1586 1214 1648 alteram
1239 1587 1273 1648 ie
1297 1593 1402 1649 utram

240 1693 371 1769 partem.
409 1686 470 1765 VI,
492 1691 552 1750 299
573 1695 629 1752 hoc
648 1695 683 1750 fit
704 1694 786 1752 idem
804 1688 838 1749 iu
859 1687 962 1769 pertis
982 1688 1073 1751 alias.
1109 1712 1142 1752 v.
1164 1691 1264 1754 1017:
1286 1697 1344 1754 hoc
1363 1697 1402 1756 fit

245 1796 327 1854 idem
342 1796 466 1852 euectae
481 1791 638 1871 inperiis.
671 1813 701 1852 v.
720 1793 793 1854 503.
812 1794 892 1854 1041
910 1797 1029 1871 partem
1048 1790 1083 1854 ic
1098 1813 1225 1854 caecam
1240 1801 1402 1858 conamina

245 1899 382 1976 sumpsit.

330 1995 362 2078 d)
392 1996 425 2058 in
449 2017 603 2058 eremorum
626 1995 746 2060 dieitur
770 1996 810 2060 de
835 2019 986 2060 mensure
1009 2019 1180 2075 sonorum,
1212 2000 1296 2060 nach
1322 1998 1401 2063 dem

244 2099 356 2162 Tecto.
393 2098 446 2164 Sic
468 2099 514 2176 ΙΙ,
539 2101 612 2164 631.
643 2099 704 2177 IV,
733 2101 791 2163 769
817 2105 1013 2183 bracchiaque
1037 2100 1072 2162 iu
1095 2121 1250 2162 numerem
1274 2107 1398 2167 iactare.

243 2225 276 2265 v.
295 2204 375 2266 788:
393 2203 426 2264 iu
442 2225 597 2264 numerum
612 2209 782 2285 procedere.

329 2307 358 2387 e)
378 2305 412 2366 ic
427 2327 544 2368 careum
558 2305 643 2368 idem
660 2305 826 2388 significat
842 2306 930 2389 quod
945 2307 1077 2369 frustra.
1108 2306 1157 2384 II,
1175 2309 1269 2370 1060.
1295 2311 1396 2371 11651

241 2409 275 2470 ie
300 2429 415 2471 caesum
439 2407 581 2472 occidisse
605 2414 730 2474 labores.
762 2409 804 2485 V,
823 2412 921 2474 1002:
946 2417 1060 2474 temere
1083 2415 1115 2473 in
1136 2435 1252 2474 cassum
1272 2418 1394 2476 frustra.

238 2535 268 2574 v.
287 2513 382 2575 1129.
400 2512 499 2576 14130;
520 2518 551 2576 in
567 2538 684 2578 cassum
700 2521 878 2596 frustraque.

321 2613 347 2698 l)
364 2615 400 2684 Iu
423 2614 613 2700 adiungitur
627 2614 785 2700 temporis
801 2616 1002 2680 notionibus.
1034 2615 1082 2694 ΙΙ,
1100 2617 1161 2681 570
1177 2623 1210 2680 in
1225 2627 1393 2682 aeternum.

237 2716 299 2793 IV,
316 2719 378 2782 4127
400 2729 541 2803 stansque
562 2719 594 2782 iu
614 2726 790 2801 perpetuum
806 2726 926 2803 paribus
942 2725 1066 2784 suffulta
1081 2726 1238 2784 columnis.
1270 2721 1313 2798 V,
1330 2724 1393 2786 981

238 2829 270 2886 in
294 2832 483 2906 perpetuum.
513 2823 575 2901 IV,
596 2826 677 2886 1069
704 2823 795 2906 inque
820 2824 885 2886 dies
908 2829 1010 2910 gliscit
1035 2829 1125 2886 furor.
1156 2823 1198 2900 V,
1216 2826 1279 2886 483
1300 2824 1396 2906 teque

238 2926 303 2988 dies
319 2933 399 2988 cett.
427 2948 457 2988 v.
470 2927 530 2989 706
547 2934 581 2990 et
597 2929 679 2992 1105
696 2933 730 2990 et
747 2929 828 2991 1279
845 2928 938 3011 inque
954 2926 1019 2990 dics
1030 2926 1129 3006 ,mepte
1145 2931 1225 2988 cett.
1247 2949 1279 2990 v.
1292 2929 1393 2991 137οι

239 3029 332 3111 inque
354 3029 419 3092 dees
439 3036 534 3111 magis
555 3036 587 3093 in
607 3039 741 3094 montem
766 3036 924 3094 succedere
945 3035 1044 3094 silvas.
1075 3050 1106 3090 v.
1127 3031 1202 3092 733:
1219 3029 1313 3112 ioque
1330 3030 1397 3092 dies

236 3131 339 3211 priuos
360 3137 488 3196 oborisci
509 3159 643 3216 quaeque
664 3143 773 3198 creata.
803 3155 835 3195 v·
854 3133 936 3197 1307
957 3131 1050 3215 ireque
1066 3131 1131 3193 dies
1147 3137 1230 3194 cett.
1261 3155 1293 3195 v.
1313 3134 1394 3197 2⁷4:

240 3239 501 3298 innumerabiliter
513 3235 620 3316 prices
634 3246 771 3301 mutatur
786 3236 820 3298 ie
835 3237 935 3298 dores.
962 3235 1022 3311 VI,
1042 3237 1118 3298 712:
1137 3241 1227 3299 Nilus
1244 3235 1277 3298 in
1293 3241 1396 3297 cesta-

240 3341 297 3398 tem
313 3343 428 3401 crescit.

325 3438 405 3501 Indu
432 3461 506 3502 cum
530 3441 596 3504 ubl.
624 3441 833 3506 coniunctum
856 3441 980 3524 legitur
1000 3441 1049 3519 11,
1072 3442 1172 3504 1096:
1199 3447 1267 3522 quis
1290 3466 1396 3522 regere

241 3545 378 3606 immensi
402 3568 558 3622 summam,
583 3552 649 3627 quis
675 3552 783 3610 hebere
808 3550 949 3629 profundi
973 3544 1050 3606 tede
1071 3566 1161 3604 mauu
1184 3548 1297 3607 validas
1312 3550 1396 3627 potis
1449 3611 1452 3618 ,

241 3653 286 3708 cst
310 3651 501 3712 moderanter
524 3653 664 3726 habenas,
689 3670 762 3710 oum
787 3669 855 3726 cco.
888 3647 930 3724 V,
958 3649 1036 3712 102:
1063 3671 1119 3710 nec
1142 3652 1238 3709 iacere
1263 3645 1396 3730 (possis)

240 3746 317 3810 iude
332 3769 448 3812 maereo.

328 3851 387 3914 Sub
409 3874 480 3916 cum
504 3853 570 3916 abl.
597 3855 626 3936 a)
647 3853 767 3916 dicitur
787 3852 827 3915 de
849 3851 922 3914 loco
944 3851 1012 3914 sive
1032 3873 1109 3914 vero
1129 3851 1198 3914 sive
1218 3873 1275 3935 per
1289 3857 1396 3914 meta·

242 3953 376 4036 phoram
392 3953 575 4046 intellecto.
599 3956 628 4033 I,
641 3959 697 4020 63:
716 3982 784 4020 cum
799 3960 862 4018 vita
876 3961 988 4018 iaceret
1001 3960 1033 4018 in
1048 3960 1136 4019 terris
1152 3980 1292 4039 oppressa
1302 3955 1397 4034 pravi

242 4057 295 4118 suh
317 4057 472 4137 rediyioue.
505 4082 535 4121 11.
555 4061 631 4122 2881
653 4065 808 4142 volvitque
829 4057 882 4120 sub
904 4056 994 4120 cudis
1020 4095 1051 4104 —
1075 4082 1153 4122 saxa.
1183 4080 1215 4122 v.
1232 4058 1296 4121 474
1313 4063 1396 4140 ignis

243 4163 405 4222 Alexandri
421 4159 554 4244 Plcrch'o
570 4159 623 4222 sub
635 4165 755 4240 pectore
770 4165 908 4242 gliscens.
932 4158 980 4235 ΙΙ,
999 4161 1059 4222 639
1076 4169 1292 4242 aeternumque
1308 4164 1396 4224 daret

244 4267 331 4326 matri
356 4263 409 4324 rub
429 4269 551 4344 pectore
575 4268 690 4326 volnus.
725 4263 892 4341 111,985:
919 4267 1000 4343 quod
1019 4261 1072 4324 cub
1093 4283 1199 4342 meque
1221 4271 1397 4326 scrutentur

241 4367 370 4444 pretore.
394 4363 423 4442 l,
436 4367 512 4430 642:
531 4364 658 4428 iurercir
674 4391 749 4448 quae
764 4365 818 4428 sub
836 4365 930 4428 uerbis
945 4369 1101 4429 latitantia
1113 4376 1253 4430 cernunt.
1274 4388 1305 4428 v.
1317 4368 1393 4429 852:
1421 4345 1425 4352 ι
