3102 4988
661 390 805 433 VERBUM.
839 391 910 434 oAP.
929 391 975 433 xl.

741 721 813 798 Gap.
837 723 892 778 Xl.

711 921 765 982 De
788 921 934 984 modia

327 1090 356 1151 1.
376 1088 585 1176 'indicativus
613 1091 786 1154 veritatem
818 1091 981 1176 exprimit.
1024 1090 1234 1172 Quapropter
1261 1087 1309 1165 II,
1335 1089 1397 1149 921

240 1196 365 1268 scilieet,
381 1199 417 1254 ut
433 1199 583 1275 nequeunt
600 1199 736 1259 homines
752 1234 783 1242 -
802 1201 896 1259 ullam
911 1221 975 1259 rem
990 1201 1114 1276 gignere
1131 1196 1342 1256 conveniundo
1358 1189 1400 1250 de

241 1315 274 1356 re
295 1291 478 1356 certissima
503 1293 654 1357 Gifanius
681 1303 715 1358 et
735 1297 908 1361 Bentleius
934 1296 1137 1380 scripserunt
1157 1317 1215 1378 pro
1236 1297 1400 1377 nequeant.

241 1393 269 1472 I,
287 1396 366 1458 400:
389 1400 546 1475 multaque
568 1406 722 1478 praeterea
737 1403 795 1461 tibi
809 1421 929 1477 prorsam
945 1403 1206 1461 commemorando
1222 1401 1405 1476 argumenta

240 1503 331 1561 fidem
351 1503 440 1560 dictis
460 1504 620 1562 conradere
642 1507 762 1564 nostris.
794 1523 893 1563 oerum
914 1509 1014 1565 animo
1035 1507 1107 1565 satis
1123 1507 1196 1563 haec
1217 1503 1345 1578 vestigia
1364 1533 1398 1542 -

241 1609 321 1663 sunt.
346 1599 387 1661 In
402 1604 541 1681 utroque
551 1601 698 1665 membro
710 1602 949 1666 enunciationis
961 1601 1193 1665 conditionalis
1203 1596 1406 1663 indicativus

243 1700 372 1784 positus
390 1709 441 1763 est
456 1701 504 1778 11,
518 1705 615 1767 16171
634 1702 661 1765 ai
677 1730 738 1767 non
754 1711 855 1768 omnia
869 1712 952 1783 saal,
969 1715 1001 1768 at
1016 1711 1114 1768 multo
1130 1709 1259 1767 maxima
1274 1728 1341 1785 pars
1357 1711 1407 1765 est

242 1808 415 1866 consimilis.
462 1801 516 1864 Sic
539 1804 676 1866 Lachm.
708 1827 766 1886 pro
797 1781 877 1878 sint]
908 1813 946 1868 ut
974 1828 1071 1868 versu
1095 1809 1157 1869 458
1187 1815 1350 1881 necessest,
1378 1811 1405 1867 si

242 1911 341 1969 minus
366 1911 499 1968 omnibu'
523 1912 595 1967 afuat
620 1932 635 1969 e
660 1896 776 1970 levibus
798 1917 888 1992 atque
909 1914 1064 1987 rutundis,v
1085 1921 1116 1971 at
1137 1934 1197 1972 non
1218 1933 1280 1971 esse
1300 1916 1407 1970 tamen

242 2014 391 2092 perplexis
405 2013 595 2091 indupedita.
612 2009 688 2085 lV,
708 2013 790 2073 1269
809 2033 876 2093 sq.:
899 2016 1008 2074 mulier
1029 2017 1171 2094 prohibet
1193 2035 1224 2074 se
1246 2015 1408 2092 concipere

242 2121 333 2194 atque
348 2121 508 2194 repugnat,
525 2118 664 2175 clunibus
680 2119 745 2195 ipsa
761 2121 817 2176 viri
835 2121 981 2178 Venerem
1003 2121 1028 2177 si
1050 2121 1130 2178 laeta
1145 2119 1296 2176 retractat
1311 2123 1407 2196 atque

242 2223 377 2277 exossato
394 2218 454 2276 ciet
470 2218 551 2276 omni
573 2223 694 2295 pectore
710 2221 828 2278 fluctus.
861 2215 1037 2296 Oblongus
1053 2220 1198 2276 retractet
1215 2235 1289 2276 cum
1304 2212 1407 2275 Italis

242 2325 276 2380 et
291 2315 470 2398 impressis.
502 2316 543 2379 In
559 2317 704 2379 membro
725 2317 877 2400 primario
895 2325 947 2379 est
958 2316 1209 2390 conditionalis,
1231 2316 1265 2380 in
1285 2338 1405 2380 secun-

241 2407 330 2482 dario
348 2441 371 2511 a
386 2419 413 2480 ei
429 2417 594 2500 pendente
611 2418 809 2481 indicativus
825 2419 854 2498 I,
876 2423 936 2483 645
954 2443 1022 2502 sip:
1044 2427 1124 2484 Nam
1145 2446 1197 2482 cur
1218 2430 1281 2482 tam
1304 2425 1405 2508 variae

239 2547 286 2586 res
298 2525 422 2602 possead
438 2546 510 2598 esse,
527 2528 657 2604 requiro,
674 2549 708 2584 ex
724 2548 784 2586 uno
800 2523 828 2584 et'
843 2529 914 2584 aaut
929 2529 995 2604 igni
1011 2549 1146 2606 puroque
1157 2527 1304 2600 ereatae‘l,
1321 2521 1404 2584 item

242 2625 283 2700 V,
297 2626 374 2686 185:
388 2627 520 2706 quidque
530 2630 611 2687 inter
621 2649 684 2688 seso
694 2635 867 2707 permutato
879 2632 983 2689 ordine
988 2631 1124 2706 possead,
1136 2631 1160 2689 si
1171 2651 1234 2690 non
1242 2632 1308 2708 ipsa
1317 2625 1406 2687 dedit

241 2732 371 2810 speciem
386 2737 495 2789 natura
511 2726 651 2790 creandi?
677 2727 718 2804 V,
731 2730 813 2790 1656
825 2729 897 2810 s'qq.
921 2728 982 2807 IV,
996 2731 1078 2792 1198
1088 2734 1201 2790 tamen
1214 2753 1270 2791 nec
1284 2735 1405 2792 ratione

241 2836 300 2893 alia
318 2835 455 2893 volucres
480 2867 511 2876 —-
537 2835 670 2893 maribus
693 2836 848 2894 subsidere
863 2837 994 2910 poscant
1016 2829 1148 2914 scripsit
1168 2830 1405 2893 Lachmannus

241 2955 298 3018 pro
308 2937 446 3014 possent,
469 2932 660 3014 „quoniam
681 2932 800 3015 inquit,
819 2932 967 3016 sequitur
982 2932 1161 2996 indicativo
1179 2934 1276 2996 modo
1294 2941 1325 2998 si
1340 2959 1405 2998 non

241 3041 306 3118 ipsa
322 3039 408 3098 ardet
422 3038 579 3096 abundans
595 3039 722 3098 Natura,
744 3056 819 3096 nam
835 3035 916 3096 haec
932 3033 1019 3097 inter
1038 3055 1072 3097 se
1087 3035 1320 3117 'coniungenda
1330 3056 1405 3098 esse

242 3143 416 3222 apparet.“
446 3135 627 3199 Nonnullis
643 3137 725 3199 locis
746 3144 822 3219 post
842 3138 977 3220 quamvis
1000 3137 1189 3200 aLucretio
1206 3137 1334 3221 positus
1352 3144 1405 3200 est

242 3239 454 3318 indicativus,
480 3238 547 3317 III,
574 3242 636 3302 803
669 3240 804 3323 quamvis
835 3245 879 3301 cet
907 3245 1019 3302 circum
1048 3247 1140 3304 caesis
1164 3247 1244 3305 lacer
1268 3245 1405 3323 undique

243 3348 384 3407 membris
400 3351 526 3406 truncus
543 3349 612 3405 etc.¹
634 3365 665 3405 v.
685 3344 702 3406 7
705 3344 745 3405 05
763 3364 825 3425 sq.:
844 3342 979 3426 paracletis
994 3349 1114 3426 integra
1129 3369 1231 3408 recens
1247 3350 1279 3407 in
1296 3367 1405 3426 corpus

243 3451 326 3509 eracl.
359 3445 420 3521 IV,
443 3448 521 3520 4265
549 3451 683 3528 porticus
708 3451 826 3527 aequali
847 3444 982 3528 quadrais
1003 3451 1047 3507 eet
1070 3451 1199 3528 denique
1219 3451 1315 3510 ductu
1336 3451 1403 3508 etc.

243 3547 379 3631 Saepius
405 3547 649 3624 coniunctivus,
677 3570 707 3610 v.
735 3545 830 3610 infra.
871 3546 983 3609 Verba
1007 3546 1146 3611 mirandi
1171 3547 1199 3609 si
1223 3569 1406 3631 pronomen

242 3650 311 3714 sive
322 3650 513 3714 adverbium
524 3649 799 3731 interrogativum
810 3649 968 3732 sequitur,
987 3671 1116 3734 semper
1125 3650 1220 3732 ponit
1227 3650 1404 3714 Lueretius

243 3752 502 3830 coniunctivum‚
526 3752 576 3814 sin
599 3751 746 3834 sequitur
767 3751 955 3814 coniunctio
977 3754 1056 3836 qaod
1074 3753 1128 3814 vel
1149 3751 1177 3814 ai
1198 3751 1241 3836 (in
1261 3751 1404 3815 formula

242 3857 380 3918 mirumst
400 3855 454 3938 ri),
482 3861 673 3917 constanter
693 3854 920 3917 indicativum.
958 3854 1000 3931 V,
1024 3857 1086 3917 666
1111 3876 1201 3937 sqq.:
1224 3879 1279 3918 neo
1300 3866 1404 3919 tamen

242 3964 320 4023 illud
341 3965 375 4021 in
393 3964 440 4022 his
461 3961 550 4021 rebus
570 3956 710 4020 mirabile
729 3963 821 4020 debet
842 3975 915 4034 eece,
941 3957 1021 4040 quod
1042 3963 1115 4020 haec
1135 3963 1215 4038 ignis
1235 3968 1298 4020 tam
1321 3968 1404 4022 certo

243 4071 379 4144 tempore
389 4065 519 4142 prosecat
535 4065 658 4122 semina.
690 4059 743 4122 Sic
761 4082 817 4142 pro
828 4059 928 4140 possit
945 4059 1096 4134 1111011111,
1114 4058 1170 4141 qui
1185 4061 1266 4122 haec
1283 4061 1402 4123 habet:

243 4163 417 4243 „Pessime
434 4162 525 4240 Itali,
546 4184 627 4244 quos
644 4183 756 4224 omnes
773 4166 940 4239 secuntur,
953 4161 1084 4242 possiet.
1118 4159 1334 4225 Scribendum
1352 4169 1405 4225 est

241 4272 378 4346 pecarent,
396 4273 434 4327 ut
450 4287 547 4347 supra
562 4288 593 4327 v.
613 4267 673 4326 589
690 4265 872 4347 0600061110
890 4263 979 4325 abrit.
1006 4263 1053 4326 ita
1070 4285 1198 4345 semper
1215 4263 1402 4327 Lucretiae.

244 4375 367 4432 minime
377 4374 514 4430 mirabile
525 4374 606 4449 quod
618 4373 699 4431 vides
715 4367 848 4444 11161,
866 4377 982 4430 nonest
999 4372 1168 4430 mirandum
1185 4373 1267 4449 quod
1284 4373 1403 4450 quaerit
