3102 5002
254 405 294 466 99
658 417 829 462 1111111111.
857 418 928 462 cnr.
952 417 1004 461 111.

253 587 316 666 IV,
343 591 420 653 658:
447 588 502 650 hoc
525 592 578 651 ubi
602 591 684 670 quod
708 611 797 650 suave
822 596 868 650 est
892 592 958 650 aliis
982 592 1049 650 aliis
1072 593 1108 651 fit
1127 612 1270 664 amarum,
1295 591 1342 651 illi
1366 591 1415 649 cui

255 717 345 756 suave
370 703 425 769 est,
450 696 603 778 levissime
626 714 751 773 corpora
771 695 884 754 debent
905 696 1165 755 contractabiliter
1184 697 1284 754 caulas
1301 695 1415 752 intrare

254 800 357 879 palati.
389 816 419 856 v.
433 795 506 856 553.
524 795 597 855 699.
616 792 868 874 Componuntur
884 792 1198 876 causae'particulue
1215 791 1358 876 quoniam
1381 828 1409 837 ·-

255 898 319 960 too.
352 895 414 974 IV,
438 897 537 959 19931
561 920 637 977 quac
653 895 794 978 quoniam
817 905 912 959 certas
933 905 1060 980 possunt
1080 900 1217 960 obsidere
1237 901 1341 978 partis,
1362 894 1416 955 too

254 1005 342 1064 facile
358 1003 499 1081 expletur
514 1003 638 1060 laticum
654 1003 837 1080 frugumque
853 1003 973 1082 cupido.
1181 981 1188 994 ⁸

340 1103 366 1187 y)
388 1099 561 1182 Cognatus
578 1106 630 1162 est
646 1099 811 1162 ablativus
823 1100 1030 1178 timttaticcis,
1049 1099 1104 1182 qui
1121 1098 1274 1181 exprimit
1288 1097 1416 1160 ratione

254 1203 393 1267 alicuius
415 1201 463 1265 rei
482 1202 598 1266 habita
621 1201 744 1284 aliquid
767 1201 833 1264 dici
853 1224 962 1285 posse,
986 1203 1035 1266 ita
1053 1209 1091 1265 ut
1106 1208 1248 1285 ponatur
1263 1222 1321 1286 pro
1338 1203 1417 1284 qaod
1538 1261 1539 1266 ,

254 1306 369 1369 attinet
384 1305 427 1368 ad
447 1304 516 1368 sive
532 1305 694 1367 secandum
711 1311 870 1386 sequente
887 1305 1088 1370 accusativo.
1121 1304 1169 1382 ΙΙ,
1188 1307 1266 1369 1751
1285 1303 1415 1367 omnibc’
1537 1308 1538 1313 ’

253 1409 342 1472 rebus
357 1433 468 1490 magno
484 1432 573 1490 opere
589 1432 606 1471 a
621 1432 690 1471 vera
706 1412 782 1491 lapsi
797 1414 915 1472 ratione
930 1413 1081 1472 videntur.
1112 1407 1175 1486 VI,
1193 1397 1275 1472 9991
1291 1413 1417 1488 Magne·
1477 1424 1480 1429 ·

254 1520 322 1576 tum
337 1517 408 1594 quia
421 1516 456 1574 fit
470 1515 576 1594 patriis
591 1515 623 1573 in
638 1515 748 1574 finibus
764 1516 844 1573 ortu.
862 1509 916 1573 Sic
926 1510 1065 1574 Lachm.
1075 1532 1134 1594 pro
1145 1515 1240 1573 crtus.
1257 1508 1415 1591 Impressi

254 1612 327 1698 quia
343 1611 398 1686 stt,
415 1633 530 1696 purum
546 1609 677 1674 Latine.
709 1611 770 1690 IV,
790 1614 849 1677 799
866 1620 945 1677 ucria
960 1619 1035 1677 visu.
1066 1635 1098 1676 v.
1117 1614 1177 1675 798
1194 1618 1297 1676 tenvia
1317 1621 1414 1674 textu.

256 1715 299 1793 V,
317 1716 395 1779 9731
423 1720 475 1798 qui
495 1735 617 1795 corpore
638 1719 700 1776 toto
727 1752 758 1761 -
785 1726 930 1781 mutatur.
962 1715 990 1793 I,
1008 1717 1086 1780 432:
1114 1720 1195 1804 quob
1217 1721 1302 1798 quasi
1324 1720 1417 1778 tertia

255 1823 296 1882 sit
319 1837 442 1880 numero
467 1827 576 1882 natura
598 1827 726 1900 reperta.
758 1817 820 1896 VI,
842 1822 922 1883 414:
949 1829 981 1884 at
1005 1827 1124 1903 saepest
1147 1838 1269 1880 numero
1289 1823 1414 1881 factum.

255 1918 329 1983 Huc
345 1919 491 2003 pertinet
507 1919 605 1983 etiam
623 1919 777 2003 supinum
792 1919 827 1983 in
842 1945 862 1982 n
879 1920 990 1984 exiens
1006 1922 1153 2006 pendens
1170 1921 1210 1983 ab
1228 1918 1413 1984 adiectivis.

255 2021 319 2100 IV,
341 2025 419 2086 889:
442 2031 473 2086 et
484 2023 621 2108 facilest
631 2024 740 2108 fectu
779 2023 832 2086 Sic
859 2023 892 2087 in
920 2023 1080 2106 quadrato
1102 2044 1193 2087 erasa
1214 2021 1336 2086 lineola
1357 2044 1416 2104 pro

246 2126 387 2210 sactum,
417 2125 528 2210 itaque
554 2123 721 2189 Antonius
745 2126 854 2190 Marii.
886 2125 947 2204 Vl,
976 2129 1051 2191 7781
1084 2151 1188 2210 aspera
1216 2135 1325 2190 tractu.
1362 2122 1417 2188 Sic

257 2227 385 2290 Pollius
408 2229 495 2292 Phil.
514 2228 643 2306 XXVI,
661 2250 693 2311 p.
713 2232 774 2293 536
795 2251 853 2312 pro
876 2250 925 2308 eo,
948 2230 1035 2311 quod
1057 2229 1092 2292 in
1112 2229 1208 2292 eodd‘.
1231 2234 1293 2305 est,
1318 2233 1415 2290 tactu.

255 2353 288 2392 v.
308 2333 407 2394 11591
431 2357 535 2416 aspere
555 2341 649 2396 tactu.
681 2331 735 2394 Sic
758 2338 923 2395 corrector
944 2331 1081 2415 oblongi
1097 2339 1131 2395 et
1147 2329 1336 2396 Macrobius
1356 2351 1416 2412 pro

255 2438 350 2496 tacta.

342 2539 371 2620 c)
387 2537 443 2602 Ad
458 2536 525 2600 abl.
541 2535 664 2599 habitus
679 2536 848 2620 pertinent
864 2537 929 2602 abl.
947 2538 1029 2601 modi
1045 2543 1079 2600 et
1094 2536 1271 2621 qualitatis.

342 2643 373 2724 α)
390 2647 460 2706 Abl.
477 2639 567 2702 motti.
600 2637 648 2715 II,
668 2642 749 2704 1059
766 2650 874 2723 sponte
889 2667 952 2719 sua,
972 2640 1054 2704 item
1069 2640 1111 2717 V,
1130 2643 1191 2703 919
1209 2646 1243 2702 et
1259 2642 1333 2703 961.
1365 2638 1414 2716 II,

257 2747 355 2808 19991
380 2769 433 2808 sua
462 2777 493 2790 -
522 2749 639 2827 sponte.
670 2781 700 2788 -
736 2741 765 2820 I,
785 2746 860 2807 1931
883 2749 1030 2827 quaedam
1051 2750 1210 2807 simulacra
1233 2743 1328 2806 modic
1353 2747 1417 2825 pal·

256 2852 351 2911 lentia
372 2845 468 2908 miris.
500 2869 531 2907 v.
551 2848 627 2908 155:
653 2855 684 2908 et
706 2867 762 2929 qno
785 2871 922 2929 quaeque
942 2848 1027 2910 modo
1048 2853 1132 2910 fiant.
1164 2869 1194 2908 v.
1218 2848 1296 2910 341:
1317 2851 1418 2908 multa

255 2947 351 3012 modia
372 2947 478 3010 multia
493 2947 581 3010 ucria
597 2947 719 3010 tattone
733 2955 847 3011 moveri
864 2955 1022 3013 cernimus.
1054 2949 1102 3027 11,
1120 2951 1198 3013 941:
1222 2954 1312 3012 modo
1328 2953 1417 3012 vitali

257 3050 316 3134 (sic
331 3057 421 3114 recte
438 3049 578 3113 Goebel.
596 3072 650 3133 qu.
669 3051 767 3114 Lucr.
784 3073 817 3133 p.
838 3053 899 3134 15).
932 3051 1000 3129 111,
1020 3054 1079 3116 769
1101 3073 1196 3135 quove
1215 3051 1316 3124 modo,
1333 3046 1415 3114 item

256 3153 298 3231 V,
322 3155 370 3216 71.
395 3151 457 3230 IV,
482 3155 541 3216 165
566 3158 664 3216 modis
689 3159 803 3217 multis.
835 3175 866 3216 v.
890 3157 969 3218 907:
996 3161 1087 3218 Nunc
1111 3154 1219 3238 quibua
1243 3160 1296 3218 ille
1320 3154 1418 3216 modis

256 3282 377 3322 somnus
394 3280 448 3340 per
462 3261 596 3320 membra
611 3261 745 3338 quietem
761 3262 874 3338 inriget
891 3264 971 3320 cett.
995 3279 1026 3319 v.
1047 3261 1140 3321 1181.
1161 3260 1243 3344 1999
1259 3263 1357 3321 modis
1377 3295 1411 3304 -

256 3364 371 3423 multis.
402 3381 432 3420 v.
457 3361 556 3424 19631
579 3368 610 3422 et
630 3358 737 3442 quibus
759 3366 824 3443 ipsa
844 3361 941 3423 modis
961 3369 1110 3424 tractetur
1132 3365 1245 3424 blanda
1265 3367 1416 3443 voluptas.

257 3461 299 3539 V,
325 3462 364 3525 67
390 3466 425 3523 et
451 3461 506 3525 73:
539 3467 649 3544 quibus
678 3499 709 3508 -·
738 3468 844 3527 modis,
884 3485 916 3526 v.
945 3466 1023 3528 1871
1058 3469 1156 3527 inulta
1184 3462 1281 3525 modic
1310 3462 1418 3525 muttit

257 3569 421 3648 primordia
435 3589 544 3628 rerum.
575 3563 700 3628 Eadem
715 3565 816 3628 verba
832 3566 989 3648 leguntur
1004 3589 1035 3629 v.
1054 3570 1128 3630 422.
1161 3564 1222 3643 VI,
1242 3567 1302 3628 689
1318 3569 1418 3629 modis

257 3672 376 3750 quibus.
409 3666 437 3742 l,
457 3668 511 3730 771
535 3673 622 3730 finita
643 3677 778 3752 potestas
794 3675 924 3752 denique
941 3676 1049 3753 cuique
1065 3693 1123 3754 qua
1140 3694 1211 3744 nam
1226 3675 1266 3732 sit
1281 3667 1415 3730 ratione.

258 3792 289 3832 v.
316 3771 377 3833 198
402 3774 504 3852 alique
526 3775 653 3835 ratione.
689 3793 722 3834 v.
747 3773 824 3834 1991
851 3795 910 3856 qna
934 3779 1009 3836 fiant
1028 3772 1160 3834 ratione.
1192 3795 1223 3834 v.
1249 3774 1312 3835 154
1332 3776 1419 3835 nulla

257 3878 384 3938 ratione.
404 3895 436 3934 v.
449 3873 511 3936 989
527 3897 583 3936 nee
597 3873 719 3936 ratione
732 3880 833 3938 fluunt
848 3875 925 3938 atta.
943 3897 975 3937 v.
987 3877 1049 3939 319
1066 3880 1151 3937 nulle
1165 3879 1293 3938 ratione.
1309 3896 1342 3936 v.
1354 3876 1417 3937 335

258 3981 292 4038 et
308 3977 371 4040 344
390 3981 476 4040 nulla
495 3981 621 4040 ratione.
651 3999 682 4039 v.
701 3978 762 4041 357
783 3983 848 4041 ulla
872 4017 903 4024 -
928 3983 1054 4042 ratione.
1083 3999 1115 4040 v.
1134 3978 1195 4040 395
1217 3982 1273 4040 tali
1288 3981 1417 4041 ratione.

257 4100 289 4140 v.
307 4080 386 4142 5131
412 4103 530 4142 necros
546 4084 608 4142 ulla
624 4089 726 4162 potest
740 4101 812 4142 cera
828 4080 949 4143 ratione
963 4085 1083 4164 probari
1103 4105 1227 4162 corpme
1251 4085 1341 4142 inane
1362 4105 1418 4142 suo

259 4186 355 4245 celere
371 4187 451 4249 cett.
468 4203 500 4244 v.
513 4183 589 4245 5391
607 4187 725 4246 ratione
740 4219 771 4229 ·-
786 4189 853 4248 aliu.
872 4205 903 4246 v.
916 4187 993 4248 54191
1011 4181 1202 4248 uectatione
1218 4190 1335 4266 queunt
1350 4181 1418 4244 atio

167 4303 179 4320 ·
263 4323 293 4332 -
309 4309 356 4350 res
370 4309 516 4369 reparare.
542 4307 573 4348 v.
587 4287 648 4351 593
664 4291 765 4369 aliqua
783 4323 813 4332 -
833 4291 959 4351 ratione.
984 4310 1016 4349 v.
1028 4289 1100 4349 596.
1119 4309 1152 4350 v.
1169 4289 1246 4350 6651
1265 4291 1366 4368 aliqua
1380 4321 1412 4330 -

256 4393 375 4454 ratione
401 4387 463 4474 (sic
490 4387 615 4451 Pollius
640 4388 763 4451 Philol.
791 4389 900 4467 XXV,
926 4390 1015 4474 271).
1047 4411 1078 4452 v.
1098 4392 1176 4453 9181
1196 4396 1264 4452 ·hac
1288 4395 1415 4454 ratione.
