3102 5002
237 388 277 451 10
642 405 813 450 99999999.
839 404 910 451 999.
935 403 985 450 111.

237 577 389 642 ficatione
412 576 477 641 loci
499 582 689 662 usurpatum
706 575 751 638 919
767 575 866 639 ctiam
882 576 911 654 Ι,
929 580 1005 642 356:
1030 583 1184 660 quodnisi
1201 583 1302 641 inania
1316 582 1387 655 sint,

235 706 296 767 999
311 691 434 766 9999999
450 706 573 764 corpora
588 705 723 763 quaeque
739 686 865 746 transire
881 686 961 744 haud
975 686 1037 745 ulla
1052 687 1115 745 fieri
1131 687 1247 745 ratione
1262 686 1388 760 videres,

162 791 164 796 '
237 806 433 868 quamquam
449 784 548 847 etiam
564 783 703 847 modalis
720 804 791 847 esse
807 789 920 867 potest
935 783 1151 867 significatio,
1175 805 1257 867 quae
1274 782 1387 846 certis·

237 888 318 952 sima
335 887 435 951 estin
450 885 540 952 hisce
557 886 653 950 locis:
675 887 704 966 1,
723 889 782 951 967
792 911 799 948 9
822 912 860 950 99
876 909 935 972 999
957 894 1035 952 forte
1056 897 1158 951 tamen
1175 897 1295 970 coeptes
1311 892 1388 950 diffi-

199 1015 206 1032 ·
236 997 305 1056 dere
321 997 420 1056 dietis.
451 990 518 1068 ΙΙΙ,
537 992 613 1054 7369
637 999 669 1054 99
690 1013 748 1074 999
771 997 888 1073 9999199
908 996 1056 1055 vianulla
1070 996 1199 1055 videtur.
1230 989 1273 1067 V,
1292 991 1387 1054 1447.

237 1094 460 1177 Coniungitur'
473 1093 574 1157 etiam
590 1115 665 1157 cum
675 1099 802 1174 9999999
818 1097 892 1178 (999
902 1099 1055 1174 propter).
1103 1092 1157 1156 Sic
1173 1094 1202 1172 Ι,
1221 1094 1295 1158 197.
1312 1096 1386 1158 398.

237 1201 309 1264 557.
328 1202 400 1264 635.
420 1200 492 1262 795.
512 1198 583 1261 794.
601 1196 648 1274 ΙΙ,
665 1199 718 1260 37.
738 1199 810 1261 155.
828 1198 901 1260 313.
919 1201 992 1262 993.
1013 1200 1106 1261 1949.
1125 1200 1219 1262 1934.
1237 1196 1300 1275 IV,
1314 1200 1386 1260 154.

237 1305 309 1366 191.
328 1303 401 1366 937.
420 1301 462 1378 V,
481 1304 554 1364 943.
573 1303 645 1364 581.
693 1299 975 1382 Significationem
991 1299 1396 1384 9961999999999999

235 1428 334 1491 quava.
361 1404 428 1482 ΙΙΙ,
446 1407 521 1468 993.
547 1403 610 1482 IV,
633 1405 706 1467 593.
734 1402 776 1480 V,
795 1404 872 1466 533:
905 1410 1074 1488 praecipere
1104 1404 1180 1467 9999
1209 1413 1390 1488 quaquamst

235 1514 434 1594 pedetemtim
450 1511 681 1590 progredientis.
714 1509 777 1569 334
791 1512 879 1570 floret
895 1531 973 1586 ecus,
990 1533 1064 1590 puer
1078 1508 1153 1570 9999
1169 1529 1330 1592 quaquam.

321 1610 438 1688 Η991,
463 1612 562 1673 1113:
588 1610 645 1672 999
669 1634 699 1672 99
723 1615 911 1674 turbatores
933 1615 1018 1674 dabit
1038 1614 1134 1674 omnis
1153 1615 1300 1674 materiai.
1326 1609 1388 1687 VI,

235 1716 297 1778 697
318 1715 375 1776 999
397 1715 442 1798 (h.
466 1735 493 1776 e.
515 1733 573 1797 per
593 1711 778 1796 speluncas)
800 1719 843 1776 ire
863 1718 1050 1778 fatendumst
1072 1723 1103 1778 et
1124 1723 1281 1797 penetrare
1301 1718 1390 1778 maris

235 1823 356 1901 penitus
372 1827 511 1901 percocta
527 1821 557 1880 in
574 1826 721 1900 apertum.
738 1814 807 1901 (Vl,
825 1819 888 1880 994
909 1843 978 1880 uam
998 1823 1089 1880 fluere
1104 1817 1162 1880 hac
1176 1823 1299 1901 9999199,
1315 1815 1391 1878 illac

235 1927 316 1985 calor
335 1927 378 1986 ire
404 1926 532 1984 videtur.
569 1918 789 2002 Coniungitur
810 1941 882 1983 cum
903 1925 975 1982 aete
996 1925 1082 1999 (ante
1101 1920 1173 1999 loc)
1200 1919 1229 1997 l,
1246 1923 1320 1984 541.
1347 1918 1388 1996 V,

235 2027 307 2101 338,
331 2046 404 2086 cum
419 2030 491 2105 ,9999
512 2027 593 2104 (pert
611 2023 682 2103 999)
704 2022 732 2101 Ι,
751 2025 823 2101 993,
848 2045 922 2086 oum
937 2022 1024 2105 infra
1039 2022 1106 2101 ΙΙΙ,
1125 2025 1201 2090 9749
1224 2047 1280 2086 nee
1295 2027 1391 2104 magis

233 2127 291 2190 999
306 2127 391 2212 infre
408 2132 569 2210 quicquam
585 2131 678 2190 estin
694 2150 817 2208 corpore
832 2137 945 2190 nostro.
1485 2205 1488 2212 Ι

320 2229 416 2292 Badra
437 2229 466 2307 I,
485 2230 578 2293 1991.
605 2227 668 2305 IV,
691 2231 770 2293 611:
797 2239 829 2293 at
848 2255 936 2294 voces
958 2235 1092 2312 excipere
1113 2234 1210 2292 99199.
1241 2227 1288 2306 II,
1311 2231 1388 2291 155:

235 2339 321 2396 99999
337 2339 520 2397 officiuntur.
542 2331 609 2409 III,
627 2332 699 2396 577.
722 2332 764 2409 V,
782 2334 855 2396 361.
875 2335 947 2396 519.
966 2331 1012 2410 ΙΙ,
1032 2334 1104 2394 735.
1124 2331 1296 2410 19799111,
1315 2334 1387 2395 599.

235 2436 385 2521 1999911,
398 2437 476 2499 3199
496 2440 592 2498 omnis
608 2441 688 2499 enim
699 2441 788 2517 louge
798 2440 909 2500 nostris
923 2440 964 2499 99
971 2440 1106 2499 99991999
1122 2434 1209 2521 infra
1224 2441 1390 2518 primorum

234 2549 342 2603 natura
363 2545 450 2604 iacet.
475 2537 545 2610 III,
564 2539 620 2601 979
647 2543 702 2601 sub
724 2543 852 2620 pedibus
874 2563 950 2621 quae
971 2563 1099 2620 eumque
1120 2538 1281 2622 19119999
1301 2544 1390 2603 inane

233 2641 389 2725 geruntur.
407 2641 450 2720 V,
468 2643 566 2704 1371:
584 2641 731 2725 vastaque
747 2647 847 2706 locum
863 2647 1025 2706 concedere
1041 2647 1140 2706 cultis.

320 2745 433 2826 Sapra,
459 2743 551 2807 cuius
567 2743 733 2828 primitiva
748 2742 852 2808 forma
876 2753 929 2808 est
951 2766 1072 2826 cepere.
1099 2744 1129 2823 Ι,
1148 2748 1225 2809 4999
1252 2748 1284 2808 id
1307 2749 1390 2828 quod

233 2854 293 2912 iam
308 2869 418 2929 999999
433 2853 492 2910 9191
507 2853 597 2931 paulo
614 2852 800 2912 ostendimus
816 2858 895 2914 9999.
913 2851 992 2912 5319
1014 2854 1046 2912 id
1061 2874 1090 2931 q.
1107 2854 1126 2912 i.
1142 2869 1236 2929 99999
1251 2857 1274 2911 9.
1285 2874 1313 2930 p.
1325 2873 1352 2911 o.
1362 2871 1388 2910 a.

233 2949 295 3029 IV,
314 2952 386 3015 679.
405 2949 434 3028 Ι,
453 2953 530 3016 5439
554 2957 696 3034 quoniam
716 2972 809 3031 99999
825 2958 922 3016 docui.
945 2952 1022 3016 7349
1045 2972 1138 3032 capro
1154 2977 1229 3034 quos
1250 2956 1389 3014 diximus.

232 3077 264 3117 v.
288 3057 365 3118 8469
392 3060 564 3138 999991111,
592 3075 685 3135 capro
710 3080 784 3137 quos
808 3060 937 3119 diximus
961 3063 1040 3119 ante.
1066 3054 1114 3132 II,
1131 3057 1206 3118 499.
1233 3056 1333 3118 19499
1359 3063 1390 3118 99

233 3164 326 3223 latere
354 3183 389 3222 ex
415 3169 544 3241 utroque
568 3178 663 3238 99999
682 3162 845 3241 supterque
864 3182 917 3242 per
935 3183 1024 3222 omne
1039 3164 1124 3223 nulla
1139 3167 1185 3222 est
1199 3163 1277 3222 finis.
1294 3155 1389 3220 Simi-

232 3261 310 3324 liter
325 3260 386 3339 VI,
404 3263 482 3326 5379
501 3271 532 3324 99
547 3267 579 3325 19
594 3265 699 3343 primis
714 3271 825 3324 terram
845 3266 893 3324 iac
908 3272 944 3324 99
959 3286 1022 3326 9999
1037 3268 1128 3326 rearis
1143 3266 1249 3342 supter
1263 3267 1339 3326 item
1354 3270 1389 3325 ut

181 3399 183 3404 ·
231 3385 341 3445 999999
358 3368 490 3429 ventosis
505 3369 640 3446 undique
655 3368 776 3446 plenam
791 3369 942 3447 speluncis
959 3363 1017 3448 (sic
1029 3364 1192 3428 Aventius
1209 3366 1388 3448 pronuper).

233 3467 273 3544 V,
293 3470 354 3531 514
375 3490 423 3550 99.
451 3471 527 3530 Inde
547 3473 640 3530 alium
659 3488 752 3547 99999
777 3505 809 3514 -
835 3473 918 3532 Hinc
938 3473 1031 3532 alium
1050 3474 1161 3549 supter.
1188 3466 1249 3544 VI,
1273 3467 1333 3530 971
1356 3473 1390 3530 99

233 3572 316 3634 1994
335 3591 428 3652 capra
450 3574 548 3633 docui.
574 3568 636 3646 VI,
661 3572 742 3633 1915
766 3593 832 3653 999
859 3576 1016 3654 multaque
1038 3577 1122 3635 humi
1145 3595 1211 3637 cum
1232 3577 1391 3636 inhumata

231 3679 365 3738 iacerent
385 3697 510 3756 corpora
528 3694 622 3752 cupra
642 3679 825 3757 corporibus.
847 3679 1036 3758 (corporibus
1057 3681 1109 3737 999
1128 3673 1272 3753 dativus,
1296 3673 1390 3758 quasi

232 3774 475 3860 superiecerent
492 3774 710 3860 corporibus).

324 3878 412 3941 Ultra
436 3878 465 3956 I,
492 3881 552 3942 961
578 3885 636 3943 nisi
660 3880 745 3942 97999
770 3886 811 3944 919
834 3887 917 3963 quod
940 3886 1035 3945 finiat.
1067 3880 1109 3959 V,
1132 3883 1210 3944 386:
1237 3881 1388 3964 ultraque

232 3989 388 4047 minantur
414 3988 515 4046 omnia
536 3987 691 4046 diluviare.
713 3982 870 4046 Lachm.t
897 3983 1085 4061 „Marullus
1111 3985 1264 4068 ultroque,
1293 4005 1389 4066 quem

233 4107 290 4150 our
305 4085 450 4149 Avantio
468 4091 606 4169 excepto
624 4106 736 4148 omnes
753 4092 934 4169 sequantur
949 4108 1015 4150 non
1031 4086 1231 4168 intellego.“

318 4189 419 4270 Prope
435 4187 617 4252 aLucretic
629 4209 757 4272 semper
771 4198 947 4274 usurpetur
962 4188 1020 4268 ita,
1038 4197 1076 4252 ut
1091 4188 1182 4253 notio
1199 4188 1265 4254 loci
1280 4197 1388 4255 trans-

232 4292 358 4356 feratur
377 4291 541 4356 adrerum
561 4290 783 4356 conditionem
794 4293 853 4356 vel
873 4298 997 4356 statum
1020 4299 1054 4355 et
1070 4291 1198 4356 dicatur
1213 4313 1265 4356 res
1281 4294 1391 4378 aliqua

232 4419 298 4462 nou
314 4395 413 4478 longe
430 4397 545 4459 abesse
561 4395 602 4458 ab
622 4393 680 4456 illa
701 4394 890 4459 conditione
910 4394 963 4458 vel
983 4394 1041 4458 illo
1064 4394 1260 4484 eventuicl.
1278 4396 1387 4463 Hand.
