3102 5000
477 450 749 498 Punnnosmouns
772 449 840 496 cun
862 449 935 496 nnn.
985 417 989 426 ’
1241 431 1280 494 65

129 627 284 702 videlicet,
305 645 321 686 e
335 623 492 704 permitis
511 633 603 718 stane
623 621 749 686 minatis
769 621 884 685 ascitas
902 626 952 684 hic
972 659 1004 668 -
1022 619 1111 702 niani
1131 658 1163 668 —
1182 629 1280 704 putet.

128 725 179 804 ΙΙ,
199 727 275 789 ⁷59:
301 747 317 788 e
332 727 439 810 qaitae
454 752 541 791 omne
556 752 651 809 genus
662 726 806 807 aionem.
837 747 869 788 v.
886 727 964 789 870:
983 749 1019 788 ex
1032 729 1225 788 insensilibus
1244 759 1277 771 —

128 833 227 910 gigni.
244 850 274 891 v.
287 831 365 894 888:
383 851 419 891 en
426 829 623 892 imcnntibno
632 853 669 894 ne
679 834 781 893 credas
790 833 899 894 sensile
909 827 1022 908 ‚orauit
1037 850 1068 890 v.
1081 830 1157 891 892:
1176 853 1237 890 non
1247 847 1283 888 ec

130 930 267 994 omnibns
282 969 312 978 —
323 931 422 1012 nani.
440 955 471 995 v.
484 933 561 996 930:
579 938 653 997 scire
664 937 736 996 lieet
746 931 836 1013 airon
850 955 936 1016 posse
947 952 982 993 ea
996 952 1057 994 non
1072 930 1201 994 sensiba'
1218 955 1283 994 sen·

129 1058 192 1096 sus.
220 1031 282 1111 VI,
305 1036 365 1097 246
382 1057 449 1118 sq.:
475 1035 744 1116 fulmincaiqaier
768 1057 783 1098 e
807 1033 918 1098 crassis
941 1040 1062 1117 alteque
1085 1039 1284 1117 putandumst

130 1134 261 1198 notities
284 1136 441 1199 estractis.
482 1136 511 1214 Ι,
538 1140 615 1202 159:
642 1158 678 1200 ee
702 1135 831 1199 omniba’
856 1137 944 1200 retas
968 1160 1056 1201 omne
1079 1162 1175 1219 genus
1198 1135 1284 1198 nasci

131 1247 244 1322 posset.
274 1237 341 1317 ΙΙΙ,
360 1240 435 1304 71οτ
462 1249 533 1304 usta
558 1261 594 1302 ea
617 1240 676 1302 itta
701 1251 864 1325 quactum
886 1246 977 1325 periit
997 1246 1110 1324 partite
1124 1265 1177 1323 per
1191 1249 1283 1302 crtus.

131 1340 162 1419 Ι,
182 1344 259 1406 204:
283 1363 299 1404 e
319 1365 379 1428 qna
401 1353 521 1408 constet
540 1349 614 1426 quid
633 1350 729 1428 possit
750 1343 836 1407 oriri.
869 1342 917 1421 ΙΙ,
935 1345 1012 1407 383:
1031 1341 1140 1426 (ignis)
1157 1367 1173 1406 e
1188 1346 1284 1405 taedis

130 1450 326 1510 terrestribus
347 1455 440 1510 ortus.
472 1469 503 1510 v.
521 1449 599 1511 387:
621 1453 701 1530 ignis
716 1456 819 1511 noster
833 1452 884 1511 hie
899 1468 915 1509 c
930 1445 1024 1526 tionis
1039 1452 1123 1508 ortas
1137 1451 1285 1527 taedaque

133 1555 261 1612 nectus.
291 1570 322 1610 v.
341 1550 420 1612 932:
443 1555 530 1628 Quod
546 1556 571 1614 si
586 1556 664 1615 forte
680 1556 788 1634 aliquis
804 1555 894 1629 dicet,
910 1557 1092 1628 dumtaxat,
1109 1544 1184 1612 oriri
1200 1572 1286 1633 posse

133 1671 169 1712 cc
184 1671 246 1712 non
260 1672 349 1714 sensa
363 1677 466 1716 sensus
481 1658 688 1717 mutabilitate
705 1659 786 1716 cett.
812 1651 879 1732 ΙΙΙ,
898 1656 937 1717 97
941 1657 974 1717 0:
993 1658 1055 1716 alid
1070 1673 1107 1714 ec
1121 1651 1185 1714 atio
1199 1676 1286 1715 num·

131 1777 225 1834 quam
245 1758 370 1818 desistet
391 1754 477 1817 oriri.
509 1753 539 1833 Ι,
557 1756 636 1818 935ε
661 1755 798 1839 equitas
814 1762 887 1820 haec
902 1779 1001 1820 rerum
1017 1753 1156 1817 consistit
1170 1777 1287 1817 summo

131 1861 254 1920 refecta.
271 1878 303 1919 v.
316 1857 393 1920 636:
412 1879 447 1919 cc
456 1857 522 1938 iani
532 1883 678 1922 summum
688 1858 850 1920 consistere
859 1859 933 1921 tolo.
952 1880 983 1921 v.
995 1859 1070 1922 706:
1089 1856 1287 1936 cciqnisum·

130 1983 214 2022 mem
223 1958 385 2022 consistere
400 1986 495 2044 posse.
511 1963 630 2024 vens:
648 1968 817 2045 ensurique
832 1959 1016 2044 putatncicis
1025 1958 1187 2022 consistere
1201 1983 1287 2042 posse

109 2087 250 2138 ,nui-um.
275 2085 307 2125 v.
326 2065 404 2127 872:
423 2085 458 2126 ce
474 2064 655 2146 aticniyenis
671 2064 838 2127 consistant
853 2069 937 2146 ligne
951 2071 1111 2127 necessest.
1140 2060 1189 2139 ΙΙ,
1207 2064 1285 2124 584:

130 2169 217 2247 quod
228 2185 338 2244 aenae
353 2186 389 2228 en
403 2188 463 2229 nno
479 2167 626 2230 consistat
641 2167 867 2250 principioium.
897 2165 940 2244 V,
959 2167 1036 2230 237:
1061 2187 1076 2227 e
1091 2164 1199 2249 qaibas
1214 2171 1288 2228 haec

129 2292 235 2330 rerum
259 2267 420 2330 consistere
443 2295 559 2334 summe
581 2274 711 2334 videtur.
746 2268 776 2346 Ι,
799 2271 876 2333 616:
903 2293 1028 2351 corpere
1050 2266 1230 2330 constabant
1253 2287 1290 2329 cn

122 2368 275 2450 partibas
288 2366 436 2455 {infinitis
469 2393 501 2434 v.
519 2374 597 2433 622:
623 2393 659 2433 ee
680 2369 813 2455 infinitis
833 2370 1012 2432 constabant
1030 2369 1170 2450 partibas
1184 2393 1287 2452 seque.

129 2494 163 2534 v.
181 2471 199 2534 7
203 2473 258 2534 96:
276 2481 412 2536 constare
427 2511 455 2520 -
472 2479 598 2538 exiliis.
616 2496 646 2536 v.
660 2475 720 2536 865
737 2494 804 2555 sq.:
822 2471 1292 2554 enatienioenisrebasconstarc

130 2581 271 2655 putetur,
287 2573 401 2636 essitas
416 2584 448 2637 et
462 2574 563 2637 ncrois
577 2574 723 2657 sanieque
739 2584 771 2638 et
785 2573 934 2655 saayaine
949 2579 1077 2639 mixtim.
1109 2596 1140 2637 v.
1153 2576 1215 2638 868
1226 2595 1288 2656 sq.:

128 2685 246 2738 terrem
277 2683 414 2738 constare
443 2686 593 2741 necessest
621 2699 657 2740 ea
685 2677 878 2758 cticniyenis.
919 2676 967 2755 ΙΙ,
995 2680 1074 2742 159:
1100 2682 1165 2760 ipse
1188 2677 1292 2739 saise

123 2777 273 2858 partibas
288 2803 357 2843 uns.
382 2802 414 2843 v.
431 2781 511 2842 385:
529 2804 545 2842 e
560 2785 659 2862 parvis
675 2789 812 2844 constare
826 2783 939 2861 figuris.
969 2801 1001 2842 V.
1014 2781 1091 2843 538:
1110 2783 1290 2863 elephantis,

129 2883 226 2945 India
241 2871 368 2964 querum
386 2881 509 2944 raitibas
525 2903 540 2943 c
554 2880 659 2944 mattis
674 2886 754 2946 vello
769 2887 906 2946 munitur
927 2887 1041 2946 eburno
1058 2883 1102 2964 (b.
1121 2903 1149 2946 e.
1167 2882 1255 2945 vallo
1273 2901 1290 2942 e

130 2982 251 3045 multis
275 2983 408 3048 milibus
433 2985 630 3066 constante).
664 3007 695 3048 v.
714 2986 792 3047 691:
819 3008 854 3048 ex
878 2989 944 3048 eliis
969 2993 1106 3049 constare
1122 2991 1288 3049 elementis.

129 3109 165 3150 v.
179 3088 259 3149 698:
276 3112 311 3150 ex
326 3093 392 3152 aliis
408 3091 553 3152 consttnre.
570 3109 602 3149 v.
615 3089 693 3151 820:
711 3111 787 3170 quse
803 3091 943 3149 constant
959 3107 996 3148 cn
1010 3086 1088 3150 ittis.
1114 3110 1146 3149 v.
1159 3089 1236 3151 866:
1255 3112 1290 3151 ex
1411 3143 1416 3152 .

127 3194 328 3254 insensilibus
342 3227 373 3238 -
389 3199 534 3255 constare.
564 3213 596 3253 v.
609 3193 670 3255 981
688 3211 756 3272 sq.:
775 3210 810 3251 ea
825 3189 899 3282 attis
919 3228 950 3236 —
971 3195 1109 3252 constare
1124 3190 1287 3268 clementis,

130 3297 208 3358 inde
223 3298 281 3356 elie
296 3313 333 3354 cc
347 3292 432 3356 abiis.
463 3291 532 3370 ΙΙΙ,
548 3293 628 3356 876ε
645 3315 737 3375 quam
751 3291 859 3376 qaibae
874 3311 890 3353 c
905 3315 1012 3375 corpus
1027 3297 1114 3356 nobis
1131 3302 1162 3356 et
1176 3299 1289 3356 viscera

129 3401 287 3458 constant.
323 3394 384 3474 IV,
406 3397 484 3459 534:
508 3403 648 3460 constent
667 3399 817 3478 corporeis
837 3419 852 3458 e
872 3399 1037 3478 principiis.
1068 3416 1099 3458 v.
1123 3397 1199 3458 648:
1222 3419 1289 3479 pro·

129 3501 209 3562 inde
238 3518 273 3560 ea·
301 3497 463 3560 seminibus
492 3503 631 3560 constant
660 3503 795 3562 variante
824 3504 928 3580 figura.
969 3496 1022 3561 Sic
1046 3497 1184 3560 Lnohm.
1213 3517 1287 3582 pro:

130 3583 268 3667 Pieinde
291 3609 323 3664 et
345 3605 510 3666 seminibus
534 3609 675 3666 constant
698 3606 875 3684 variantque
898 3606 1003 3683 figure.
1034 3599 1063 3679 Ι,
1087 3597 1165 3664 669³:
1189 3626 1205 3665 e
1225 3607 1288 3664 nilo

128 3711 219 3769 fient.
250 3702 298 3781 ΙΙ,
316 3706 378 3767 986
394 3725 443 3787 sq.
472 3702 523 3786 (si)
548 3709 646 3767 ridere
671 3712 773 3787 potest
793 3729 854 3768 non
875 3724 912 3765 cc
931 3701 1096 3766 ridentiba'
1107 3703 1222 3788 saetas
1243 3705 1285 3786 (v.

129 3807 298 3888 Inachus,
314 3815 346 3870 et
360 3830 463 3891 sapere
479 3817 510 3870 et
525 3812 623 3870 doctis
638 3812 787 3870 rationem
801 3811 925 3870 reddere
941 3812 1031 3871 dietis
1046 3831 1108 3871 non
1124 3805 1289 3869 casentini·

130 3911 191 3974 bia
219 3908 408 3990 sapientibus
436 3918 528 3993 etque
558 3908 692 3972 disertis.
731 3906 794 3986 IV,
822 3910 897 3972 186:
930 3919 1001 3973 sunt
1030 3935 1046 3974 e
1076 3915 1179 3993 primis
1208 3913 1289 3973 facts

130 4017 271 4079 minutis.
301 4035 333 4076 v.
347 4014 424 4077 738:
442 4037 518 4096 quae
534 4018 669 4078 confiunt
684 4033 721 4074 ec
735 4010 1076 4098 horumsactafianris.
1107 4034 1139 4075 v.
1158 4012 1234 4076 ⁷39:
1252 4032 1288 4074 ea

129 4117 203 4180 oioo
214 4121 358 4180 Centauri
374 4118 485 4200 nonfit
498 4121 608 4198 imago.
628 4115 671 4192 V,
684 4116 760 4178 890:
778 4140 815 4178 ne
831 4120 909 4180 forte
925 4136 961 4177 ea
975 4114 1093 4177 homine
1108 4125 1140 4178 et
1153 4101 1287 4177 veterino

131 4219 247 4283 scotiae
270 4243 416 4301 equorum
439 4218 563 4304 confieri
587 4224 688 4282 credes
713 4223 879 4282 Centauros
903 4242 998 4301 posse.
1029 4217 1058 4294 I,
1081 4219 1142 4282 714
1162 4239 1229 4300 sq.:
1256 4225 1287 4280 et

15 4368 16 4384 .
133 4327 189 4406 qui
203 4327 349 4406 qncttaor
365 4342 400 4384 ca
416 4321 502 4384 retas
517 4346 603 4404 posse
618 4326 719 4386 omnis
734 4329 839 4385 rentur
855 4341 890 4382 en
905 4321 971 4401 iani
987 4325 1068 4382 terro
1083 4320 1286 4403 etqueenirna

15 4417 16 4502 J
132 4445 322 4506 procrescere
336 4433 368 4488 et
382 4424 481 4487 imbri.
513 4447 544 4487 v.
565 4426 640 4488 763:
664 4430 804 4507 Denique
825 4413 969 4508 q'aattnor
984 4444 1020 4485 cn
1035 4422 1122 4484 retas
1137 4429 1163 4486 si
1178 4434 1286 4486 cuncta

188 4529 271 4578 flotus,
285 4529 433 4568 Linamenta.
1058 4529 1074 4578 5
