3102 5000
296 400 336 462 82
708 419 860 464 essenos·
886 419 957 464 one.
982 419 1028 464 iv.

295 563 496 669 peromnem.
528 611 558 651 v.
578 591 656 656 605:
679 610 790 651 omnem
811 627 842 637 -
869 595 975 653 durare
991 608 1049 670 per
1069 609 1180 650 aevom.
1212 587 1274 665 IV,
1291 589 1365 652 978:
1386 611 1433 670 per

294 696 406 754 multos
427 729 456 736 -
479 696 551 754 dies.
581 691 619 770 V,
637 695 693 755 95:
710 692 879 774 multosque
888 713 947 773 per
963 712 1058 754 oenoe
1073 700 1242 756 sustentata
1256 699 1324 754 ruet
1338 695 1433 753 moles.

294 816 324 856 v.
343 795 405 857 356
421 799 527 858 durare
543 799 674 857 aetatem
694 833 724 841 -
738 815 937 875 peromnem.
969 816 1000 856 v.
1018 795 1080 858 427
1096 819 1240 876 magnum
1254 799 1374 876 volgata
1382 813 1434 874 per

293 917 404 959 aevom.
437 895 480 975 V,
498 900 554 960 61:
572 923 715 980 magnum
731 898 843 960 durare
851 919 911 980 per
927 918 1038 960 aevoso.
1066 896 1127 974 VI,
1146 899 1245 961 1160:
1262 902 1374 958 noctem
1383 916 1434 976 per

292 1023 379 1083 saepe
401 999 546 1083 diemque.
592 1000 703 1064 Etiam
723 1000 926 1080 nominibus,
950 1021 1104 1086 quaeres
1126 999 1161 1064 in
1175 1005 1321 1084 tempore
1337 997 1434 1062 saetas

292 1101 492 1184 significant,
509 1103 657 1186 iungitur
666 1126 736 1186 per.
768 1103 832 1186 Ill,¹
847 1107 945 1170 1018:
971 1130 1024 1188 per
1039 1129 1185 1170 somnum.
1217 1102 1258 1180 V,
1277 1105 1435 1185 1158zpe1

291 1212 415 1270 somnia.

376 1310 405 1393 e)
430 1308 711 1392 significationem
742 1310 1005 1392 habetgeausee.
1046 1310 1075 1389 I,
1092 1314 1129 1374 4ε
1155 1332 1214 1392 per
1244 1316 1273 1372 te
1303 1314 1437 1392 quonian

290 1438 385 1494 genus
414 1439 503 1478 omne
529 1420 717 1479 animantum
744 1419 922 1498 coneipitur.
954 1436 985 1476 v.
1010 1415 1088 1477 403:
1109 1435 1165 1494 per
1184 1434 1261 1498 qaae
1281 1417 1375 1496 possis
1395 1437 1436 1474 eo-

290 1541 433 1598 gnoseere
449 1527 548 1604 cetera
563 1528 640 1582 tute.
671 1540 703 1580 v.
722 1520 799 1580 586:
817 1528 848 1581 et
868 1522 942 1600 quid
962 1541 1098 1606 quaeque
1117 1526 1230 1600 queant
1243 1537 1302 1598 per
1310 1515 1436 1600 foedera

268 1706 272 1713 .
290 1626 417 1700 naturai.
448 1644 479 1683 v.
498 1624 575 1686 634:
597 1643 656 1702 per
672 1643 810 1706 quaeres
826 1644 962 1704 quaeque
977 1631 1133 1702 geruntur.
1164 1618 1213 1698 II,
1231 1621 1308 1684 173:
1330 1637 1437 1698 reaper

290 1728 423 1787 Veneris.
455 1747 486 1787 v.
504 1728 582 1788 242:
608 1735 723 1802 motus,
740 1746 799 1804 per
820 1746 892 1808 qaeu
912 1732 1021 1788 natura
1043 1733 1129 1806 gerat
1151 1749 1207 1788 res.
1238 1745 1269 1785 v.
1289 1725 1366 1786 258:
1390 1746 1437 1804 po-

288 1835 397 1906 testas,
411 1849 470 1908 pel·
486 1849 574 1911 qoam
589 1832 806 1911 progredimur.
837 1849 868 1890 v.
887 1829 964 1891 302:
987 1836 1135 1911 quantum
1153 1833 1261 1908 cuique
1277 1831 1384 1902 datum
1397 1833 1437 1887 est

281 1949 341 2010 per
351 1929 487 2013 foedera
507 1937 635 1995 naturai.
666 1955 698 1993 v.
716 1932 777 1994 437
798 1937 883 1994 iuvat
904 1936 1060 2012 egrediens
1076 1929 1226 2011 peniteas
1240 1950 1299 2009 per
1320 1932 1437 1992 Veneris

287 2053 346 2094 ree.
378 2055 409 2094 v.
427 2036 507 2096 898:
530 2060 622 2117 quum
645 2043 716 2098 sunt
738 2041 823 2117 quasi
843 2040 1014 2119 putrefacta
1030 2054 1086 2114 per
1106 2033 1222 2096 imbres.
1245 2032 1268 2094 l.
1286 2031 1338 2092 IV
1356 2030 1390 2094 in
1404 2051 1436 2092 eo

288 2129 399 2214 uersa,
423 2135 479 2219 qui
501 2137 797 2220 sequiturV.126:
821 2143 873 2220 qui
893 2143 1019 2201 fulmine
1040 2142 1118 2200 elaro
1139 2141 1240 2202 omnia
1254 2155 1314 2216 per
1329 2133 1437 2196 sonitus
1466 2129 1467 2136 '

292 2247 382 2302 arcet.
419 2238 479 2317 IV,
503 2242 581 2305 847:
613 2266 702 2324 quam
728 2247 813 2305 daret
837 2246 990 2306 obiectum
1015 2245 1129 2324 parmai
1153 2245 1237 2302 laeva
1254 2259 1314 2318 per
1338 2242 1435 2298 ortem.

288 2363 320 2403 v.
338 2344 400 2406 905
410 2363 470 2424 per
486 2345 616 2406 trocleae
632 2355 663 2408 et
679 2351 834 2430 tympana.
865 2343 966 2423 V,10:
991 2351 1102 2428 quique
1111 2364 1170 2423 per
1186 2346 1280 2404 artem
1294 2379 1337 2388 -
1352 2346 1438 2404 vitam

293 2482 324 2490 -
344 2451 376 2508 in
392 2453 456 2509 tam
470 2453 636 2530 tranquillo
652 2485 683 2494 -
699 2454 819 2512 locavit.
837 2471 868 2510 v.
888 2449 943 2511 72:
960 2452 1094 2530 loquella
1113 2484 1144 2492 —
1159 2450 1240 2510 vesci
1247 2465 1308 2526 per
1323 2441 1438 2506 aomina

286 2572 394 2612 rerum.
412 2572 443 2612 v.
456 2553 533 2614 848:
550 2557 636 2634 iungi
644 2573 704 2632 per
718 2557 844 2617 Veneris
859 2572 917 2613 ree.
939 2549 1000 2628 VI,
1019 2554 1075 2615 70:
1093 2554 1227 2615 delibata
1241 2554 1333 2612 deum
1341 2565 1398 2628 per
1412 2549 1436 2606 le

286 2657 345 2716 tibi
365 2659 489 2719 numina
509 2665 612 2720 saneta
631 2680 718 2739 saepe
740 2661 878 2719 oberunt.
909 2679 940 2718 v.
960 2656 1036 2719 181:
1059 2660 1186 2737 dissipat
1206 2655 1290 2735 quasi
1304 2672 1365 2731 per
1383 2648 1436 2711 olm

287 2782 424 2842 expressa
438 2767 562 2841 repente
580 2765 703 2824 semina.

374 2859 405 2944 d)
430 2860 649 2944 Coniungitur
670 2883 742 2926 oum
765 2862 836 2924 Meet
856 2863 899 2944 (v.
917 2859 1027 2923 Hand.
1045 2861 1138 2924 Ture.
1155 2860 1217 2940 IV,
1234 2884 1266 2945 p.
1284 2861 1359 2943 439)
1374 2855 1435 2934 ΙΙΙ,

288 2967 365 3028 921:
384 2989 453 3028 nam
469 2965 541 3028 lieet
556 2975 712 3031 aeternum
722 2984 782 3046 per
796 2984 850 3026 aee
865 2969 908 3046 sio
925 2989 987 3028 esse
1003 2989 1149 3048 soporem.

374 3068 402 3150 e)
427 3067 509 3131 Cum
539 3068 787 3152 pronominibus
816 3067 1045 3150 personalibus
1074 3066 1294 3151 compositum
1318 3064 1437 3130 indicat

288 3169 342 3252 agi
363 3192 433 3234 rem
453 3171 522 3235 sine
545 3172 679 3248 alterius
701 3193 761 3256 ope
783 3176 841 3233 aut
857 3170 1011 3250 oonsilio,
1033 3170 1087 3234 vel
1102 3193 1169 3234 uon
1185 3170 1256 3234 aliis
1272 3170 1371 3233 rebus
1386 3165 1436 3230 ed-

289 3272 378 3336 ditis.
424 3274 478 3338 Ita
493 3275 543 3354 fit,
561 3281 599 3338 ut
607 3297 667 3356 per
681 3296 738 3347 me,
749 3295 808 3355 per
824 3295 855 3336 ae
871 3272 958 3337 idem
973 3273 1158 3358 exprimant
1174 3273 1262 3357 quod
1278 3273 1354 3354 ipae,
1371 3271 1391 3334 i.
1408 3291 1433 3332 e.

288 3375 342 3438 vel
373 3399 438 3440 non
469 3377 552 3440 alius
577 3399 652 3463 ope,
684 3377 738 3441 vel
763 3383 891 3460 sponte.
939 3378 1041 3462 Saepe
1069 3377 1198 3441 eeoedit
1221 3397 1341 3440 nomen
1365 3374 1434 3455 o'pse.

288 3479 351 3542 Per
371 3501 402 3542 ee
423 3465 522 3544 etiem
542 3481 695 3566 exprimit
715 3502 798 3559 rem,
821 3479 952 3564 quaein
968 3503 1003 3544 ee
1020 3487 1167 3558 constat,
1186 3481 1304 3557 solam,
1323 3498 1391 3541 rem
1405 3475 1436 3536 in

289 3603 324 3646 se
340 3588 539 3666 spectatam,
556 3607 622 3648 non
638 3584 774 3650 aliarum
789 3605 898 3648 rerum
912 3583 1038 3648 ratione
1054 3583 1179 3648 habita.
1226 3582 1347 3667 (Verba
1363 3585 1435 3666 sunt

289 3684 412 3749 Handii
427 3687 450 3749 l.
469 3708 497 3749 e.
514 3711 547 3771 p.
565 3691 651 3772 441).
668 3688 698 3766 Ι,
714 3690 794 3752 407:
812 3693 874 3752 alid
893 3713 928 3752 ex
942 3693 1001 3752 alio
1010 3708 1070 3768 per
1085 3693 1114 3750 be
1128 3696 1196 3752 tute
1211 3687 1275 3768 ipae
1290 3692 1390 3750 videre
1403 3717 1431 3728 „

289 3796 411 3872 poteris.
442 3813 474 3853 v.
492 3794 570 3855 419:
592 3798 689 3857 omnis
709 3829 741 3838 -
757 3813 815 3874 per
835 3813 866 3854 ae
886 3802 994 3856 natura
1012 3795 1128 3854 duabus
1144 3795 1283 3856 consistit
1297 3795 1329 3853 in
1343 3793 1435 3852 rebus.

289 3915 321 3956 v.
339 3896 418 3957 422:
436 3918 543 3978 eorpus
559 3901 639 3958 enim
651 3915 709 3975 per
724 3916 755 3958 ae
771 3900 938 3960 eommunis
954 3899 1075 3958 dedicat
1091 3919 1153 3958 esse
1170 3919 1281 3958 sensus.
1312 3914 1343 3954 v.
1361 3891 1433 3954 440:

283 4016 343 4076 per
357 4017 388 4058 ee
405 4002 486 4080 quod
502 4023 629 4081 eumque
645 4004 711 4063 erit.
743 4022 774 4061 v.
792 4001 871 4063 445:
892 4003 985 4062 tertia
1000 4018 1104 4078 perae
1124 4002 1208 4061 nulla
1227 4004 1328 4081 potest
1342 4016 1435 4058 rerum

289 4103 322 4162 in
343 4126 467 4166 numero
487 4111 595 4166 natura
613 4106 752 4185 relinqui.
784 4125 815 4164 v.
833 4104 911 4165 459:
937 4110 1057 4186 tempus
1081 4107 1155 4165 item
1175 4121 1234 4182 per
1253 4121 1284 4162 oo
1304 4123 1364 4162 non
1385 4103 1434 4159 est.

290 4224 322 4264 v.
339 4205 419 4267 462:
436 4230 491 4269 nee
503 4226 561 4286 per
576 4226 607 4267 ee
623 4230 804 4288 quemquam
825 4213 944 4290 tempus
960 4210 1071 4268 sentire
1087 4208 1283 4268 fatendumst.
1314 4225 1344 4265 v.
1361 4200 1433 4263 466:

291 4330 329 4368 ne
349 4312 426 4370 forte
447 4315 520 4372 haee
534 4329 593 4390 per
612 4329 643 4370 ee
665 4317 776 4390 cogant
795 4334 849 4374 nos
865 4334 927 4374 esse
943 4313 1040 4372 fateri.
1072 4329 1102 4368 V.
1121 4309 1198 4372 469:
1221 4329 1349 4390 namque
1363 4307 1435 4365 aliut

284 4429 343 4489 per
363 4416 439 4484 sest,
463 4433 503 4473 ex
519 4410 646 4475 emend.
664 4411 882 4489 Lachmanni,
908 4433 1004 4495 quem
1019 4409 1104 4475 vide.
1136 4434 1167 4474 v.
1185 4411 1263 4474 479:
1281 4435 1325 4474 res
1339 4415 1434 4489 gestas
