3102 5002
232 427 271 490 16
630 445 802 492 suasrsur.
827 445 899 494 ose.
924 444 974 493 111.

231 638 355 697 conpore
370 622 475 681 sancto
494 624 606 682 circum
621 626 687 684 fusa
702 645 799 703 super.
823 641 855 681 v.
875 621 929 682 52:
954 625 1034 683 dona
1052 623 1110 682 tibi
1130 618 1231 680 :lindio
1252 625 1386 702 disposta

221 719 327 804 fideli.
350 700 381 781 ν’.
400 722 440 782 68
457 743 524 804 sq.:
542 747 597 786 nec
612 723 771 786 minitanti
786 743 937 784 nncnnnc
952 729 1130 806 compressit
1145 727 1270 785 eaelum.
1294 744 1327 784 v.
1347 723 1386 784 74

232 834 323 906 atque
340 848 427 887 omne
443 830 623 889 immensum
639 833 810 909 peragravit
824 831 922 888 inante
937 826 1106 910 animoque.
1122 848 1155 889 V.
1167 827 1207 888 85
1223 834 1387 908 turparunt

231 927 390 1007 sangnine.
416 949 447 990 v.
467 929 522 990 94:
542 934 623 1010 quod
635 930 739 1009 patrio
755 936 894 1013 princeps
910 930 1041 992 donnini
1057 929 1175 992 nornine
1190 953 1303 1011 regem.
1332 926 1386 989 Sic

234 1030 334 1092 etiam
349 1030 392 1108 V,
411 1033 510 1095 1095:
532 1046 600 1095 cum
616 1037 690 1095 caeli
707 1031 832 1095 donavit
846 1038 935 1115 plaga
951 1054 1071 1113 cropore.
1104 1031 1158 1094 Sic
1174 1032 1310 1094 Lachm.
1327 1049 1386 1113 pro

231 1133 364 1214 staporis,
383 1133 510 1196 dicens:
528 1133 683 1213 „scilicet
699 1133 774 1197 illas
789 1135 911 1197 multas
928 1156 990 1197 ree.
1012 1134 1060 1197 ita
1075 1135 1109 1197 in
1124 1134 1172 1212 II,
1186 1133 1229 1199 '73
1246 1140 1387 1217 augmine

211 1244 213 1248 ’
233 1243 335 1315 donat,
353 1244 387 1300 et
402 1235 436 1298 in
452 1239 514 1300 hoo
531 1237 615 1301 libro
632 1241 716 1314 1215
732 1244 879 1302 divinitus
900 1247 1023 1302 aeterna
1042 1244 1154 1303 donata
1173 1245 1279 1302 salute.
1310 1259 1386 1300 nam

232 1339 314 1403 caeli
328 1341 473 1424 plagam,
495 1340 528 1403 id
551 1348 602 1428 est
622 1341 758 1419 fulmen,
779 1341 967 1405 hominibus
983 1361 1120 1425 vapores
1136 1340 1257 1404 donare
1273 1341 1386 1404 absur-

232 1442 310 1506 dum
328 1450 419 1505 est.“
440 1443 469 1522 I,
487 1447 543 1508 95:
561 1451 681 1509 sublata
695 1451 793 1509 virum
808 1445 954 1508 manibus.
972 1468 1003 1507 v.
1022 1447 1078 1508 99:
1100 1451 1200 1509 hostia
1215 1449 1387 1508 concideret

232 1549 368 1608 nncinin
385 1558 499 1611 maesta
515 1555 656 1631 parentis.
681 1572 712 1612 v.
731 1550 808 1612 103:
827 1548 1002 1632 terriloquis
1017 1553 1114 1612 victus
1131 1548 1232 1610 dictis.
1258 1571 1288 1610 v.
1308 1549 1384 1611 106:

233 1657 429 1734 fortunasque
453 1661 520 1714 tuas
546 1659 642 1716 omnis
666 1658 788 1716 turbare
810 1651 926 1714 tinore.
956 1675 986 1713 v.
1010 1654 1086 1715 114:
1112 1657 1206 1713 nocte
1227 1653 1386 1733 dirempta.

231 1775 263 1815 v.
283 1756 360 1817 121:
378 1760 496 1818 Ennius
512 1756 646 1817 octennis
664 1761 787 1839 exponit
807 1754 951 1817 nensibns.
977 1777 1008 1816 v.
1028 1758 1105 1817 126:
1127 1779 1227 1819 rerum
1248 1763 1387 1817 naturam

232 1863 400 1942 expandere
421 1857 520 1921 dictis.
545 1881 576 1920 v.
604 1861 679 1922 143:
703 1859 794 1921 dictis
814 1857 921 1942 qniins
941 1869 973 1921 et
992 1880 1048 1942 qno
1070 1858 1203 1920 carmine
1223 1895 1254 1906 -
1275 1863 1386 1940 possim

231 1966 434 2044 praepandere
450 1967 565 2026 lumina
579 1945 684 2026 menti.
709 1961 751 2040 V,
769 1966 827 2025 54:
852 1987 971 2025 omnem
986 1987 1085 2024 rerum
1101 1971 1239 2024 naturam
1248 1961 1387 2042 pandere

232 2064 334 2126 (lictis.
365 2063 394 2142 Ι,
418 2067 494 2127 129:
518 2088 577 2149 qnn
599 2065 629 2127 ni
650 2089 786 2149 quaeque
807 2074 960 2147 gerantur.
990 2063 1032 2143 V,
1052 2068 1129 2128 252:
1152 2066 1248 2127 incilia
1268 2070 1388 2148 pulsata

232 2173 343 2250 pedum
363 2166 405 2228 ni.
431 2167 492 2245 VI,
515 2171 591 2232 320:
613 2174 649 2232 'ea
670 2195 746 2252 quae
767 2175 855 2231 tanin
875 2168 906 2229 ni
926 2175 1016 2231 missa
1035 2178 1201 2252 supernest.
1226 2167 1288 2245 VI,
1307 2171 1385 2230 541:

232 2276 351 2334 volvere
372 2270 403 2332 ni
422 2277 541 2335 fluctus.
569 2271 598 2349 I,
621 2274 698 2335 130:
724 2272 845 2334 natione
864 2271 968 2352 capuci
993 2309 1024 2318 -
1049 2277 1224 2336 videndum.
1259 2257 1385 2333 v.‘133:

232 2374 330 2436 norbo
347 2379 473 2437 adfectis
489 2395 648 2456 nonnique
664 2380 800 2457 sepultis.
826 2397 855 2436 v.
875 2377 952 2438 137:
976 2380 1136 2438 inlustrare
1152 2373 1278 2436 Latinis
1293 2373 1387 2435 nern-

232 2476 295 2539 bnr.
313 2499 346 2538 v.
359 2479 435 2541 138:
454 2477 751 2540 multanonisnenbic
766 2485 942 2561 praesertim
956 2502 1023 2541 cnm
1034 2484 1074 2542 sit
1084 2483 1243 2560 agendum.
1262 2498 1292 2540 v.
1307 2479 1384 2540 145:

232 2605 277 2642 res
294 2579 402 2664 qniina
418 2588 550 2645 occultas
572 2587 693 2664 penitus
714 2586 865 2645 convisere
882 2587 985 2665 possis.
1009 2603 1040 2643 v.
1060 2584 1136 2644 155:
1154 2606 1188 2644 ac
1203 2586 1267 2644 fieri
1283 2579 1387 2642 divino

231 2683 355 2744 nnninc
379 2695 491 2748 rentur.
518 2707 552 2747 v.
578 2687 653 2749 169:
684 2684 845 2746 seminibns
869 2689 939 2768 quia
963 2684 1053 2746 centis
1077 2708 1214 2767 quaeque
1238 2693 1386 2747 creantur.

231 2809 262 2848 v.
283 2789 359 2850 184:
383 2813 437 2851 nec
459 2813 547 2871 porro
569 2793 714 2870 augendis
733 2798 816 2852 retus
832 2787 932 2868 enutio
942 2785 1032 2872 foret
1047 2809 1130 2848 nnnc.
1157 2790 1234 2850 219:
1253 2787 1340 2850 niniiu
1357 2786 1388 2847 ni

222 2890 313 2974 sonet
329 2913 401 2952 insin
417 2897 506 2955 enim.
531 2913 563 2952 v.
583 2895 658 2955 206:
677 2891 789 2954 senine
804 2897 924 2974 quando
941 2913 1014 2972 open
1036 2895 1079 2952 cet
1098 2896 1197 2967 rebus,
1220 2913 1276 2974 qno
1298 2913 1387 2972 quae·

234 3018 292 3074 que
309 3003 425 3058 creatae
441 3001 517 3058 airis
531 3001 562 3058 in
572 3004 690 3059 teneras
700 3001 818 3078 possint
827 3001 985 3078 proferrier
994 3018 1089 3058 auras.
1106 2993 1149 3070 V,
1162 2995 1238 3056 233:
1256 2999 1387 3076 denique
1474 3024 1478 3030 ·

233 3122 293 3159 non
309 3097 403 3158 urnis
419 3119 493 3178 opnc
508 3103 564 3171 esi,
582 3124 643 3162 non
658 3097 810 3160 noenibnr
826 3098 911 3171 aitis,
935 3097 988 3182 qni
1007 3121 1060 3161 sua
1080 3106 1230 3161 tutentur.
1254 3120 1285 3159 v.
1305 3099 1384 3160 263:

232 3205 276 3262 nil
292 3220 366 3280 opns
382 3206 426 3262 esi
441 3201 549 3263 naeniis.
575 3224 606 3263 v.
626 3202 707 3264 1058
724 3207 798 3283 quid
813 3199 854 3262 cii
873 3223 946 3282 nnnc
958 3199 1063 3286 socie.
1089 3199 1118 3277 I,
1136 3203 1197 3262 189
1217 3210 1253 3263 nt
1272 3225 1326 3283 par
1342 3209 1387 3263 est

232 3303 343 3364 nemine
359 3309 439 3365 ennio
455 3328 594 3367 erescere.
611 3327 643 3365 v.
657 3307 717 3366 200
728 3327 734 3364 :
746 3303 878 3385 pedibus
894 3310 946 3386 qui
961 3316 1089 3387 pontum
1106 3329 1159 3387 per
1173 3309 1249 3367 vada
1264 3317 1388 3386 possent

231 3412 367 3470 transire.
385 3429 415 3468 v.
430 3409 506 3470 201:
523 3432 647 3488 magnos
656 3407 795 3469 nnnnibns
805 3413 947 3471 divellere
957 3413 1078 3471 montis.
1094 3409 1216 3494 v3211:
1234 3416 1387 3470 vertentes

231 3529 346 3570 nomene
366 3515 479 3591 glebas.
504 3532 534 3572 v.
554 3512 631 3573 221:
656 3515 778 3573 aeterno
801 3516 872 3594 quia
892 3516 1031 3573 concinni
1051 3509 1164 3572 senine
1184 3535 1328 3593 quaeque.
1353 3531 1385 3572 v.

232 3614 308 3674 302:
328 3637 403 3694 quae
419 3621 521 3676 tamen
538 3619 638 3677 omnia
653 3635 793 3694 corporea
809 3621 948 3676 constane
957 3624 1106 3678 necessest
1116 3618 1241 3676 nninrn.
1261 3636 1292 3676 v.
1305 3617 1384 3678 484:

232 3721 341 3799 partim
352 3715 480 3778 concilio
490 3741 566 3799 quae
576 3722 715 3778 concinni
729 3723 955 3801 principiorum.
973 3739 1004 3779 v.
1017 3719 1095 3779 626:
1112 3722 1238 3780 minima
1247 3727 1388 3780 constent

231 3828 347 3882 natura.
371 3818 420 3897 ΙΙ,
438 3821 516 3884 378:
540 3825 653 3882 nctnnn
677 3826 819 3903 quoniam
835 3826 976 3883 concinni
991 3845 1087 3902 neque
1104 3828 1184 3884 l'acta
1198 3841 1290 3882 nean-n
1305 3830 1386 3883 sunt.

231 3925 309 3985 452:
329 3921 450 4006 sunnio
470 3949 546 4006 quae
569 3945 690 4004 conpone
711 3930 827 4008 liquida
848 3929 998 3986 concinni.
1023 3945 1056 3986 v.
1076 3925 1150 3988 722:
1176 3929 1219 3987 ita
1237 3948 1387 4006 quamque

232 4035 381 4089 necessest
410 4025 553 4088 dissimili
582 4033 719 4089 concinne
742 4031 849 4112 finitio
878 4032 1103 4110 principiorum.
1136 4027 1202 4104 ΙΙΙ,
1230 4028 1292 4089 186
1317 4049 1385 4109 sq.:

232 4134 370 4191 concinne
395 4129 540 4190 nntnniis
565 4155 708 4212 perquam
729 4130 891 4192 seminibus
911 4135 1002 4194 debet
1023 4155 1226 4213 perquamque
1246 4129 1385 4192 ininntic.

232 4232 274 4309 V,
293 4233 369 4294 239:
389 4238 541 4316 Principio
558 4238 699 4315 quoniam
716 4241 805 4297 terrai
822 4259 928 4318 corpus
945 4244 976 4297 et
991 4259 1078 4297 umor
1093 4259 1290 4316 aurarumque
1307 4239 1387 4298 leves

178 4375 179 4380 κ
232 4341 348 4399 animae
370 4341 520 4418 calidique
541 4362 680 4419 vapores,
706 4361 721 4400 e
743 4343 859 4420 quibus'
873 4343 945 4402 haec
965 4363 1065 4401 rerum
1087 4343 1249 4401 consistere
1271 4361 1388 4401 summa

233 4444 366 4517 videtur,
392 4446 492 4502 omnia
515 4439 620 4501 nniino
645 4465 678 4504 ac
703 4441 826 4502 neoninii
851 4461 971 4522 corpore
995 4447 1147 4514 constant,
1173 4447 1264 4506 debet
1288 4441 1386 4504 eodeni
