3102 4988
577 407 654 450 rurs
677 407 854 450 ADVERBIA.
1234 389 1293 448 161

87 629 93 639 .
137 578 303 640 114911.
336 575 488 655 Persoepe
508 573 632 656 legitur
652 574 680 652 1,
702 578 765 638 464
788 581 821 636 et
841 573 902 650 VI,
926 577 998 657 956.
1033 573 1153 653 Semper
1168 573 1196 650 I,
1215 576 1292 636 124:

134 699 251 760 semper
264 683 399 742 florentis
415 685 552 742 Homeri.
571 679 695 740 ’1.339.
714 677 851 754 119591
871 686 902 740 et
916 686 1018 740 vetere
1035 682 1169 740 exoritur
1183 695 1297 758 semper

136 807 242 846 novur.
268 781 309 858 V,
325 783 404 844 430:
423 805 600 862 magnarum
616 805 715 844 rerum
730 786 809 844 fiunt
827 785 948 844 exordia
963 799 1087 860 semper.
1121 778 1241 859 Semper
1257 799 1297 841 ex

136 884 223 948 libro
239 883 384 946 secundo
400 883 584 967 adsumpsit
599 883 831 946 Lachmannus
852 905 909 967 pro
926 903 1027 964 coepe,
1045 883 1079 944 h.
1098 903 1125 945 e.
1145 880 1297 963 quotiens

137 987 186 1050 ita
207 987 372 1050 elementa
393 986 434 1048 ad
454 985 612 1048 mundum
635 985 845 1049 efficiendum
867 984 1084 1060 conveniunt;
1107 1007 1173 1048 non
1195 1004 1296 1065 saepe,

138 1089 215 1174 quia
230 1089 264 1152 id
281 1110 378 1172 quam
394 1109 490 1172 saepe
506 1088 632 1152 factum
649 1088 694 1151 sit
708 1111 774 1152 non
785 1087 962 1171 quaeritur,
981 1087 1039 1151 sed
1049 1087 1082 1150 in
1092 1107 1298 1169 unoquoque

138 1193 275 1256 illorum
288 1191 421 1277 Epicuri
438 1182 631 1256 mundorum
648 1191 719 1255 fieri
735 1191 845 1254 debet.
878 1190 939 1269 VI,
959 1192 1041 1254 1170
1058 1213 1147 1274 sqq.:
1165 1195 1210 1253 nil
1225 1195 1299 1253 adeo

138 1321 241 1381 posses
257 1301 397 1378 cuiquam
411 1301 478 1358 leve
493 1305 644 1378 tenveque
659 1300 801 1359 membris
817 1304 933 1359 vertere
949 1302 980 1358 in
994 1300 1172 1372 utilitatem,
1188 1303 1220 1356 at
1230 1318 1300 1357 ven-

138 1410 208 1463 tum
228 1409 260 1462 et
279 1405 390 1480 frigora
409 1419 533 1478 semper.
565 1405 598 1462 in
617 1403 723 1462 fluvios
739 1398 857 1478 partim
879 1403 995 1480 gelidos
1015 1403 1153 1460 ardentia
1168 1401 1302 1460 membra

139 1508 265 1566 dabant.
291 1499 329 1563 L.
341 1498 549 1580 „Lambinus
561 1500 692 1564 omnino
704 1501 790 1564 male
798 1507 914 1582 posset,
928 1522 1001 1563 cum
1013 1521 1078 1562 non
1088 1500 1302 1582 intellegeret

140 1608 223 1670 haec
243 1603 343 1668 verba
362 1613 395 1667 at
413 1614 540 1668 ventum
561 1615 592 1668 et
607 1610 720 1686 frigora
735 1629 852 1688 semper
867 1603 1052 1667 necessaria
1068 1624 1140 1667 esse
1157 1603 1301 1665 0111110-

143 1707 313 1792 cydidium
329 1710 432 1793 γυμνοί,
449 1708 508 1791 μηδ
528 1707 596 1773 ἄλλο
610 1736 637 1773 τι
651 1706 667 1791 ἢ
682 1707 777 1793 γυμνοὶ
792 1709 952 1792 ἀνέχεσθαι.
978 1706 1123 1790 alioquin
1139 1727 1253 1787 semper
1269 1711 1303 1767 et

134 1812 255 1895 ‚parlim
275 1809 364 1873 inter
383 1830 417 1872 sc
438 1829 503 1873 non
526 1815 657 1873 coeunt.
681 1809 738 1872 sed
760 1831 873 1872 omnes
895 1809 1017 1894 pariter
1037 1809 1159 1892 frigora
1176 1829 1304 1892 semper

141 1914 356 1998 quaerebant,
379 1911 499 1997 partim
516 1912 662 1974 membra
678 1911 710 1974 in
727 1912 831 1974 undas
849 1912 1012 1976 dabant.“
1028 1937 1058 1976 v.
1078 1915 1172 1977 1979.
1207 1911 1305 1974 Simul

140 2017 172 2097 Ι,
191 2019 263 2081 114.
283 2018 469 2079 563.1088.
501 2015 550 2088 ΙΙ,
570 2018 643 2078 155.
675 2015 735 2093 IV,
755 2017 850 2079 1376.
878 2015 918 2093 V,
938 2017 1016 2079 243:
1036 2026 1067 2079 et
1082 2023 1186 2080 natira
1200 2015 1303 2078 simul.

141 2143 176 2182 v.
197 2099 267 2182 rie.
290 2122 365 2182 aas.
388 2121 461 2182 see.
494 2116 554 2194 vr,
576 2121 650 2182 185.
669 2119 740 2180 ere.
765 2120 839 2181 313.
857 2119 931 2182 110.
949 2122 1023 2183 sea.
1042 2121 1115 2182 sse.
1134 2122 1207 2181 eea.
1226 2120 1302 2180 955:

141 2227 287 2286 Morbida
302 2227 406 2303 visque
422 2221 523 2298 simul,
546 2245 614 2283 cum
631 2226 815 2284 extrinsecus
830 2227 1011 2285 insinuatur.
1042 2222 1081 2284 L.
1099 2219 1306 2300 „Wakefiel-
1433 2265 1435 2270 ,

143 2324 207 2387 dus
229 2323 387 2387 ridiculus
404 2329 470 2400 est,
495 2321 551 2404 qui
570 2322 664 2385 timrei
681 2322 729 2386 ita
746 2323 834 2407 capit
850 2322 943 2407 quasi
959 2325 1029 2387 ilem
1046 2323 1206 2408 seriptum
1222 2321 1305 2386 sit.“

99 2471 109 2484 .
143 2426 176 2506 Ι,
193 2430 233 2490 10
253 2432 406 2491 simulac.
439 2425 538 2488 Simul
558 2423 746 2489 coniunctio
768 2434 820 2489 est
840 2449 899 2511 pro
918 2429 1012 2490 simul
1030 2450 1066 2490 co
1087 2426 1196 2511 posita
1216 2426 1245 2502 Ι,
1265 2425 1304 2488 87

145 2535 182 2592 et
198 2533 249 2593 89.
285 2529 404 2592 Totiens
426 2528 486 2605 VI,
511 2531 608 2593 1180:
633 2535 745 2613 quippe
767 2531 1307 2614 001011100011110110000011011110

143 2637 252 2696 mortis
272 2637 387 2695 lumina
405 2641 559 2696 versarent
579 2638 744 2696 oculorum.
774 2632 968 2711 Lambinus,
990 2654 1030 2696 ne
1051 2637 1307 2704 commemorata

145 2734 279 2818 quidem
295 2734 558 2797 membranarum
575 2734 748 2820 scriptura,
764 2745 846 2800 totas
862 2741 1000 2800 ardentia
1016 2743 1140 2800 nocteis.

235 2839 264 2900 7.
289 2837 364 2900 Alia
380 2836 534 2899 adoerbia.
567 2840 640 2919 Ape.
673 2838 702 2916 Ι,
721 2841 780 2902 965
802 2845 893 2902 Nune
909 2861 976 2920 ape,
998 2838 1080 2902 item
1095 2838 1142 2916 II,
1161 2840 1213 2900 69.
1231 2838 1305 2900 333.

145 2938 217 3017 ΙΙΙ,
242 2943 321 3003 962:
347 2965 443 3024 aequo
468 2947 638 3022 animoque,
663 2962 718 3020 oye
743 2942 825 3014 daem,
852 2947 952 3024 dignis
977 2947 1121 3006 concede:
1146 2948 1305 3004 necessest.

154 3042 217 3104 Cur
231 3042 407 3106 relativum
429 3048 480 3105 est
496 3042 538 3120 V,
558 3045 629 3120 730,
651 3042 925 3126 interrogativum
946 3043 1037 3107 hisce
1058 3043 1150 3106 loeis.
1184 3041 1213 3119 Ι,
1232 3044 1304 3106 174.

147 3147 223 3208 199.
250 3147 322 3208 358.
353 3144 495 3222 .11,390.
528 3145 595 3222 ΙΙΙ,
617 3149 696 3209 4891
724 3168 777 3208 cur
801 3171 836 3210 ea
859 3157 938 3211 sunt.
971 3147 1011 3226 V,
1032 3149 1104 3211 731.
1132 3148 1203 3210 ‘153-
1232 3145 1304 3210 759.

149 3250 223 3312 769.
249 3249 321 3310 769.
345 3249 437 3310 1643.
471 3247 532 3324 Vl,
554 3251 627 3311 390.
651 3251 725 3312 396.
748 3251 821 3312 393.
846 3253 919 3313 399.
941 3253 1015 3314 406.
1037 3251 1112 3313 407.
1135 3252 1209 3313 469.
1231 3251 1306 3312 410.

146 3352 224 3415 417.
241 3353 315 3412 491.
342 3349 498 3428 1114761
517 3355 648 3434 denique
664 3372 726 3425 cor,
744 3358 897 3416 hominem
914 3378 982 3415 oum
998 3359 1060 3416 vini
1076 3359 1120 3416 vis
1136 3357 1309 3436 penetravit

148 3458 232 3516 cett.
263 3451 321 3514 L.:
339 3452 541 3530 „Correotor
556 3453 707 3536 quadrati
724 3461 758 3518 et
773 3455 936 3518 Marullus
955 3477 1024 3516 our.-
1045 3454 1227 3518 verissime:
1251 3452 1309 3516 sed

149 3556 192 3620 ab
210 3577 246 3618 eo
263 3577 329 3618 non
346 3554 455 3619 differt
477 3577 539 3630 cor,
565 3559 627 3620 hoo
649 3563 701 3620 est
720 3580 805 3642 quor,
832 3579 928 3640 quem
954 3557 994 3620 ad
1014 3557 1148 3621 modum
1168 3579 1229 3620 com
1250 3579 1309 3640 pro

149 3679 236 3743 quom
258 3657 357 3722 scribi
377 3657 519 3721 vidimus
540 3659 624 3723 libro
645 3660 673 3737 Ι,
697 3661 820 3724 low
856 3661 932 3722 Fere
953 3659 995 3739 V,
1020 3664 1113 3726 1414.
1145 3660 1206 3738 Vl,
1231 3662 1307 3723 683:

149 3767 281 3845 primum
297 3768 392 3826 totius
408 3767 538 3826 subcava
552 3770 664 3827 montis
680 3773 727 3827 est
742 3773 859 3843 natura,
865 3765 942 3849 sere
950 3769 1069 3842 silicum
1079 3770 1203 3828 suffulta
1211 3787 1310 3826 caver-

148 3869 207 3928 nis.
238 3865 288 3927 De
298 3865 443 3949 forsitan
465 3889 497 3928 v.
521 3865 657 3928 Lachm.
681 3866 721 3928 ad
745 3867 786 3944 V,
805 3869 882 3930 610:
905 3867 1009 3945 „Non
1028 3866 1116 3928 solet
1134 3865 1310 3928 Lucretius

149 3966 191 4030 ad
213 3967 357 4030 Forsitan
379 3967 557 4050 adiungere
578 3969 687 4042 ctiam,
713 3969 834 4032 nedum
856 3975 901 4043 ε1,
926 3992 989 4051 quo
1012 3967 1101 4031 illius
1123 3969 1196 4032 loco
1216 3991 1310 4031 num-

149 4091 249 4152 quam
274 4092 352 4132 usus
377 4076 443 4134 est:
470 4070 504 4133 in
520 4070 582 4149 Vl,
601 4073 662 4135 346
685 4078 825 4136 Forsitan
847 4099 881 4136 ex
901 4079 977 4155 ipso.
1008 4071 1042 4134 in
1063 4071 1178 4135 eodem
1199 4094 1230 4134 v.
1250 4071 1309 4135 735

148 4178 290 4238 Forsitan
308 4180 503 4257 Aethiopum.
535 4172 645 4256 itaque
667 4174 720 4237 hic
740 4174 1082 4260 potiusflsoribendum
1100 4181 1151 4236 est
1170 4181 1310 4238 Forsitan

148 4299 165 4340 ε
181 4301 266 4340 rosea
281 4281 326 4340 sol
342 4283 402 4340 alte
418 4282 556 4361 lampade
569 4283 703 4342 lucens.“
729 4279 832 4341 Recte
847 4286 1043 4342 tamencum
1055 4275 1150 4339 codd.
1163 4275 1310 4362 Bernays

148 4378 283 4463 scripsit
309 4385 337 4441 el
361 4403 445 4443 rosea
471 4379 604 4463 (Philol.
627 4381 693 4444 vol.
716 4379 844 4460 XXVI,
867 4386 986 4444 00019
1009 4405 1039 4464 p.
1063 4383 1146 4463 295).
1181 4381 1310 4442 mustra

202 4483 288 4526 Holtze,
306 4485 330 4522 Ll
333 4495 421 4522 rrrrrrrr
425 4487 453 4523 la.
1059 4490 1089 4534 11
