3102 4988
489 431 531 472 88
555 430 667 473 nonis.
714 429 937 472 rnoroanvus.
1229 412 1288 472 181

135 597 193 674 IV,
217 601 277 660 859
285 623 293 673 3
316 623 370 661 nec
391 604 529 661 mirabile
551 604 632 680 quod
655 609 781 681 possunt
802 597 864 675 IV,
883 600 955 675 899,
977 604 1079 661 mirari
1100 604 1189 661 mitte
1210 569 1291 680 huod

135 725 193 764 non
208 706 299 764 valet.
332 700 393 779 VI,
413 703 506 764 1057.
539 709 654 763 888888
674 727 735 764 888
757 712 803 763 888
822 705 960 764 mirabile
980 725 1071 782 quare
1090 705 1227 763 videatur
1242 697 1295 776 11,Ι

122 805 206 879 ·310,
230 828 282 865 cur
301 809 522 886 perspiciantur
542 803 603 880 IV,
621 806 693 881 258,
717 829 775 886 qua
797 810 913 866 ratione
928 809 1053 866 veniant
1068 802 1130 880 IV,
1143 805 1215 880 597,
1234 827 1292 885 qua

134 911 248 968 ratione
265 915 356 988 queat
373 905 415 983 V,
434 908 537 968 591.“
557 904 670 982 -81,
688 908 766 968 891’
785 910 866 969 haud
881 911 994 987 igitur
991 906 1141 979 8888888888,
1158 905 1186 967 si
1201 929 1292 1019 parvo

128 1019 269 1090 'tempore
285 1018 372 1090 saepe
388 1017 452 1070 tam
468 1015 586 1090 magnis
602 1012 742 1070 nimbist
729 1017 893 1090 tempestas
909 1020 1000 1091 atque
1016 1015 1159 1072 tenebrae
1178 1008 1292 1088 8888888-

133 1115 188 1172 888
204 1136 297 1174 marra
312 1135 345 1173 ac
361 1117 478 1174 888888
471 1136 597 1193 rnpensa
612 1136 749 1194 superne
775 1110 930 1174 Lachma
948 1110 1132 1191 „coperiant
1120 1111 1292 1174 88881588-

134 1211 279 1274 domest
298 1213 370 1296 [pro
387 1212 558 1295 coperiant]
578 1233 618 1274 ex
631 1211 799 1275 88888888
808 1235 871 1275 888
880 1212 1039 1277 Lucretii.
1057 1212 1131 1276 vide
1143 1212 1204 1291 Ι8,
1217 1216 1291 1277 818.

99 1399 104 1410 ἢ
135 1314 175 1391 V,
195 1316 268 1376 192.
288 1315 358 1377 788.
380 1316 452 1377 799.
472 1315 565 1378 1238.
599 1314 659 1392 81,
678 1317 750 1379 375.
771 1318 894 1378 1012.“
923 1314 1046 1378 Non
1022 1337 1091 1379 sine
1115 1316 1293 1378 offensione

133 1416 330 1480 indicativus
355 1416 465 1478 estin
490 1415 720 1480 enunciatione
746 1417 939 1480 secundaria
962 1416 1087 1480 inserta
1111 1418 1184 1496 alii,
1211 1438 1293 1500 quae
1415 1475 1421 1482 .

134 1519 380 1583 coniunctivum
397 1521 499 1584 habet
515 1520 544 1598 Ι,
564 1523 661 1584 108οε
685 1527 768 1602 quin,
792 1546 845 1584 sua
861 1526 942 1603 quod
958 1531 1067 1584 natura
1076 1523 1171 1602 petil,
1189 1547 1294 1587 conce·

132 1629 202 1686 dere
220 1632 326 1706 pergat
347 1652 378 1676 =
395 1623 442 1700 II,
455 1625 527 1686 237.
555 1623 596 1684 18
613 1623 843 1686 888188881888
860 1623 1035 1707 temporali
1051 1647 1116 1688 8888
1133 1647 1207 1688 cum
1224 1624 1291 1688 ind.

132 1725 246 1789 iuncta
267 1748 331 1787 non
353 1725 519 1808 discrepat
540 1748 618 1788 usus
635 1725 782 1788 Lucretii
804 1727 844 1788 ab
862 1748 923 1788 usu
939 1727 1078 1809 vulgari,
1097 1735 1295 1812 quapropter

132 1827 193 1905 Vl,
221 1831 282 1890 366
307 1834 396 1890 recte
422 1827 554 1911 scripsit
579 1828 811 1891 Lachmannus
842 1851 906 1890 88888
938 1835 1056 1912 plagast
1086 1836 1191 1894 addita
1214 1857 1294 1907 vero,
1374 1863 1378 1872 ·

132 1952 232 2012 quum
254 1929 405 2012 impressi
425 1951 538 1993 ornnes
561 1931 691 1993 soloece
713 1930 860 1993 habeant
875 1952 941 1993 cava
957 1933 1056 2012 playa
1069 1933 1121 1994 888.
1153 1932 1201 2010 II,
1220 1935 1293 1996 831.

130 2055 162 2094 v.
181 2034 262 2096 904:
284 2038 388 2095 mollia
404 2055 469 2094 (888
479 2033 625 2117 faciant,
650 2055 678 2094 v.
704 2033 744 2094 de
765 2032 816 2095 his
837 2033 986 2096 versibus
1007 2034 1150 2097 Pollium
1171 2035 1293 2098 Philol.

132 2132 264 2209 XXVI,
276 2135 348 2196 323.
375 2132 436 2210 81,
449 2135 510 2196 130
521 2155 570 2214 sq.
598 2132 663 2195 Sed
678 2156 910 2216 nonnunquam
928 2141 1041 2198 tamen
1057 2135 1157 2199 etiam
1174 2137 1296 2199 causali

132 2235 389 2298 etconcessiva
425 2233 667 2317 significatione
696 2243 889 2320 usurpatum
915 2259 988 2300 cum
1013 2237 1193 2302 indicativo
1219 2261 1295 2302 con·

131 2338 283 2400 iunctum
302 2337 480 2420 reperimus
497 2360 515 2400 a
531 2337 699 2400 Lucretio.
733 2338 786 2400 Sic
808 2339 875 2415 111,
898 2341 959 2402 363
981 2346 1098 2422 fulgida
1113 2342 1296 2422 praesertim

132 2464 197 2503 8888
224 2467 344 2505 8888888
368 2466 454 2523 saepe
479 2440 645 2524 nequimus.
684 2440 712 2517 1,
735 2444 796 2504 825
824 2470 854 2494 =
877 2441 928 2520 H,
952 2445 1012 2506 690
1038 2469 1105 2507 cum
1129 2453 1232 2509 tamen
1261 2483 1291 2490 -

135 2553 296 2608 necessest.
322 2543 350 2620 I,
369 2546 444 2607 566:
463 2550 522 2606 huc
537 2548 654 2606 accedit
669 2550 725 2620 uti,
743 2551 923 2608 solidissima
939 2553 1076 2611 materiai
1093 2533 1217 2630 corpora
1232 2569 1298 2610 8888
1358 2609 1362 2618 ,

136 2652 289 2719 constant,
308 2653 425 2730 possint
439 2651 542 2710 tamen
559 2653 660 2710 omnia
675 2653 760 2710 reddi
776 2653 889 2712 mollia.
912 2649 940 2725 I,
958 2652 1019 2713 726
1030 2672 1121 2732 sqq.:
1140 2675 1216 2733 quae
1232 2672 1297 2712 8888

136 2775 248 2832 magna
263 2756 360 2813 modis
376 2757 481 2813 multis
497 2755 633 2813 miranda
647 2750 769 2812 88888888·
784 2789 814 2797 -
830 2757 874 2814 nil
890 2757 990 2814 888888
1006 2759 1062 2815 hoc
1078 2759 1217 2817 habuisse
1233 2759 1297 2816 viro

136 2859 319 2935 praeclarius
340 2860 372 2916 in
392 2879 422 2916 88
444 2891 476 2899 —-
497 2859 626 2916 videtur.
658 2852 801 2930 11,850;
825 2839 1128 2937 (8888888818888888
1147 2863 1247 2918 888888
1263 2866 1298 2919 88

136 2962 435 3020 mortalia·constent
452 2962 515 3018 888-
551 2955 649 3018 Addo
671 2955 772 3033 locos,
796 2957 914 3038 quihus
936 2965 1025 3021 recte
1048 2958 1224 3022 restitutus
1246 2966 1298 3020 est

137 3082 155 3120 a
181 3057 306 3121 criticis
331 3057 541 3122 indicativus.
578 3058 626 3135 11,
648 3062 711 3120 826
728 3082 820 3142 sqq.:
846 3067 918 3122 8888
942 3069 1034 3126 etiam
1059 3084 1136 3146 qaae
1159 3069 1219 3126 iam
1243 3087 1298 3126 nec

137 3167 245 3226 levia
237 3187 301 3225 rure
316 3184 362 3242 pu
365 3168 417 3224 888
421 3168 522 3223 888
493 3188 555 3226 esse
578 3187 674 3244 neque
699 3169 821 3225 omnino
842 3170 924 3226 flexis
945 3171 1138 3229 mucronibus
1154 3191 1241 3243 unca,
1262 3203 1293 3211 —

136 3290 276 3347 quaeque
307 3270 434 3328 titillare
464 3271 559 3346 magis
590 3291 693 3328 sensus
723 3292 813 3348 quam
844 3273 1015 3330 laedere)
993 3275 1132 3347 patesco
1167 3275 1299 3350 possunt

138 3366 319 3449 quadratus
343 3367 381 3429 ed
405 3367 557 3430 schedae.
586 3368 705 3447 8888888
728 3369 903 3452 oblongus,
926 3291 1016 3449 Itali,
1041 3370 1144 3433 olim
1136 3371 1296 3456 impressi.

136 3469 184 3546 ΙΙ,
207 3473 287 3533 1061
309 3471 553 3547 188118888888,
581 3492 678 3552 quem
703 3470 788 3550 vide,
815 3473 959 3535 servavit
979 3472 1194 3537 indicativum
1216 3475 1299 3536 cola·

137 3578 228 3634 888888
252 3578 376 3635 1888888
401 3596 433 3634 v.
464 3577 546 3636 1059
572 3579 616 3636 88.
655 3574 715 3652 IV,
742 3579 819 3638 495:
847 3602 963 3639 seorsus
988 3582 1093 3640 odores
1118 3583 1297 3640 8888888888.

138 3673 192 3737 818
218 3674 420 3737 Veronensis
446 3675 546 3738 editio
577 3683 611 3738 et
636 3678 798 3739 Marullus
823 3701 880 3762 pro
906 3685 1090 3752 8888888888,
1118 3679 1204 3762 quod
1230 3678 1299 3742 sine

138 3798 238 3840 causa
263 3801 280 3839 a
306 3800 422 3840 8888888
446 3786 502 3851 888,
529 3779 615 3861 quod
642 3780 800 3861 sequitur,
827 3803 1023 3864 suspensum
1044 3788 1105 3844 est.
1145 3805 1175 3844 v.
1198 3785 1297 3845 1061:

80 3909 86 3920 ·
137 3906 208 3944 nam
234 3888 258 3944 si
283 3887 368 3945 abest
393 3875 474 3964 qdod
498 3904 578 3944 8888.
612 3882 665 3945 818
689 3883 826 3946 Lachm.
853 3907 910 3968 pro
937 3907 1026 3947 88888.
1064 3886 1105 3962 8,
1124 3888 1202 3949 35οε
1229 3890 1300 3968 quia

137 3989 224 4048 nulla
248 3990 306 4047 loci
325 3988 369 4067 fit
393 3991 487 4067 copia.
528 3985 580 4046 Sic
607 3986 839 4050 Lachmannus
866 4011 924 4071 pro
950 3989 1006 4066 888,
1038 3995 1075 4051 ut
1099 3988 1196 4070 paulo
1222 3994 1299 4051 ante

137 4093 301 4168 Plagarum
345 4095 415 4169 quia
454 4097 525 4152 sunt
563 4095 706 4171 expertia.
759 4087 799 4167 V,
832 4094 893 4154 589
928 4118 988 4174 quo
1022 4096 1143 4172 longius
1176 4091 1298 4152 8888888.

138 4188 362 4252 8181188188.
400 4213 511 4273 prou
493 4192 572 4254 88888
561 4198 676 4270 8,888
715 4193 802 4274 quod
833 4193 1013 4256 Lambinus
1045 4192 1153 4271 dedit,
1186 4192 1298 4255 888888.

137 4313 168 4352 v.
190 4293 266 4354 799:
294 4298 472 4376 denique
450 4320 474 4356 s1
500 4300 604 4358 calidis
629 4300 721 4358 etiam
746 4301 890 4358 88888888
915 4302 1053 4361 lavabris
1089 4296 1142 4359 818
1160 4297 1298 4360 Lachm.

136 4415 197 4475 pro
224 4401 371 4456 8888888888.
405 4419 436 4458 8.
456 4399 533 4458 9098
560 4405 740 4478 Magnetum
766 4404 837 4480 quia
852 4401 894 4483 stt
915 4406 1020 4482 patriis
1041 4405 1071 4462 18
1095 4405 1203 4463 finibus
1221 4411 1299 4464 ortu.
