3102 5002
268 423 309 485 30
672 437 843 481 sussrrnr.
870 437 942 482 oar.
968 437 1019 483 111.

266 630 299 670 v.
313 611 373 671 399
384 614 529 691 temporis
544 607 683 698 erigerum
692 612 821 688 partem.
841 606 889 684 ΙΙ,
902 610 942 670 12
958 637 990 660 =
1004 608 1071 686 III,
1084 611 1124 671 62
1140 615 1241 671 noctes
1256 617 1348 692 atque
1365 610 1431 672 da'ea

260 718 334 775 niti.
363 710 426 788 IV,
444 712 505 774 978
522 716 586 772 dies
602 715 726 772 multos.
760 709 827 787 III,
844 713 906 773 986
923 722 1100 794 perpetuam
1119 723 1259 776 aetatem.
1285 711 1347 788 VI,
1367 714 1429 775 286

226 855 228 858 -
270 825 411 878 aetatem.
443 813 505 891 IV,
524 815 623 875 1116:
640 837 732 895 parva
746 818 781 876 fit
797 818 910 876 ardoris
926 819 1054 877 violenti
1070 839 1162 897 pausa
1174 835 1349 894 parumper.

353 918 525 1000 Cognatas
556 914 862 992 666-66666661666,
894 915 950 997 qui
981 915 1116 994 dieitur,
1148 939 1302 999 graeous‚
1335 916 1428 979 ouius

268 1019 418 1103 exempla
434 1021 515 1080 haee
533 1024 625 1079 sunt:
658 1017 687 1094 I,
706 1020 759 1080 13:
779 1025 932 1100 perculsae
949 1021 1040 1080 eorda
1056 1031 1110 1082 tua
1124 1027 1164 1084 vi.
1195 1043 1226 1083 6.
1246 1023 1324 1084 2616
1347 1025 1429 1084 ludit

157 1123 164 1142 “
268 1130 346 1187 laete
362 1147 444 1186 mero
459 1127 571 1183 6666666
587 1127 723 1203 perculsa
738 1121 885 1183 66667766.
909 1121 977 1198 ΙΙΙ,
990 1125 1046 1184 64:
1065 1148 1126 1186 non
1141 1123 1295 1214 6666666666
1305 1129 1428 1203 partem
1542 1157 1543 1214 3

266 1232 372 1291 mortis
402 1231 563 1289 formidine
593 1229 725 1286 aluntur.
765 1222 825 1300 VI,
854 1227 952 1287 1259:
986 1250 1041 1288 neo
1067 1225 1224 1310 miniraam
1249 1233 1367 1306 partem
1392 1251 1426 1289 ex

266 1336 345 1412 agris
366 1333 508 1392 maeroris
529 1333 561 1391 in
582 1333 688 1389 urbem
710 1332 855 1390 confluxit
879 1332 970 1391 labes.
1006 1351 1036 1390 6.
1062 1331 1143 1391 12419
1166 1334 1276 1392 bonam
1298 1339 1425 1412 partem.

266 1432 333 1509 ΙΙΙ,
355 1435 418 1495 689
438 1436 543 1494 tremit
563 1435 658 1492 artua.
690 1427 732 1505 V,
751 1431 849 1492 1223:
878 1435 980 1493 divum
995 1431 1136 1511 ,66666666
1157 1433 1285 1494 membro
1306 1438 1425 1496 timore.

266 1533 417 1597 Pertinet
433 1536 497 1596 hue
514 1533 613 1596 etiam
630 1555 661 1594 v.
675 1553 773 1611 georas
788 1553 862 1594 oum
877 1531 1125 1616 pronominibus
1144 1556 1240 1608 omae,
1264 1536 1329 1609 hoo,
1347 1537 1428 1620 qaod

267 1633 491 1722 coniunctum.
538 1623 580 1697 In
609 1634 721 1718 primis
751 1633 905 1716 frequens
937 1635 1022 1718 apud
1046 1635 1239 1700 Lucretium
1266 1644 1318 1700 666
1342 1659 1426 1700 omae

261 1763 368 1820 96666,
387 1739 475 1834 quoq
490 1739 611 1821 ubique
627 1736 776 1800 restituit
791 1737 1034 1800 Lachmannus.
1068 1737 1121 1801 sio
1138 1740 1186 1817 ΙΙ,
1206 1741 1266 1804 759
1283 1767 1299 1804 6
1316 1748 1425 1825 quibus

266 1865 350 1904 omae
375 1863 472 1923 penae
502 1841 561 1925 (sio
585 1842 722 1903 Laohm.
752 1860 809 1924 pro
840 1841 1026 1930 6666696666,
1059 1863 1157 1924 quem
1180 1842 1268 1924 vide)
1292 1851 1426 1928 gignunt

264 1953 441 2029 variantque
457 1945 580 2007 coloreo.
608 1943 733 2007 Eodem
750 1943 846 2005 modo
863 1943 911 2021 II,
929 1947 991 2008 820
1007 1963 1056 2026 sq.
1074 1969 1127 2009 cur
1142 1971 1268 2030 eaquae
1283 1958 1425 2012 constant

265 2076 299 2112 ex
324 2055 385 2113 illis
410 2074 471 2112 non
495 2054 609 2131 pariter
631 2057 703 2124 sunt
727 2063 811 2108 omne
831 2068 928 2126 genua
949 2054 1069 2131 perfusa
1090 2049 1240 2112 coloribus
1260 2057 1292 2114 in
1314 2077 1425 2134 genere

264 2152 365 2215 omni?
389 2152 447 2235 (sio
463 2151 601 2213 Laohm.
618 2172 676 2234 pro
694 2150 880 2232 6666666666).
904 2149 964 2227 IV,
979 2152 1054 2214 ⁷35:
1073 2173 1157 2214 omne
1168 2174 1266 2232 penas
1281 2163 1424 2238 quoniam

264 2262 374 2338 passim
389 2255 554 2316 simulacra
575 2260 722 2316 seruntur.
757 2251 810 2314 Sie
827 2251 990 2316 Marullus
1007 2275 1064 2336 pro
1081 2255 1267 2336 omnigenus.
1299 2256 1342 2335 V,
1359 2262 1424 2322 428

264 2380 347 2420 omne
359 2379 456 2438 penno
472 2361 572 2418 666166
593 2366 623 2418 66
644 2362 740 2418 anetae
762 2361 954 2438 experiundo.
987 2355 1039 2418 sie
1056 2356 1300 2437 Lachmannus,
1323 2383 1423 2442 quum

264 2460 309 2523 sio
335 2468 425 2523 reete
449 2457 483 2520 in
507 2458 591 2521 libro
616 2458 643 2534 Ι,
670 2461 752 2521 1026
778 2457 936 2541 seriptum
962 2458 1006 2520 sit
1031 2465 1129 2538 (66666
1151 2481 1249 2540 penae
1271 2469 1368 2525 666666
1392 2475 1424 2528 66

224 2581 231 2594 ·
263 2570 364 2625 coetus
383 2566 591 2644 experiundo).
623 2561 797 2623 Correotor
814 2560 950 2642 oblongi
966 2562 1137 2642 omnigenos
1158 2589 1212 2646 pro
1235 2565 1422 2644 6666666666.

263 2666 306 2743 V,
324 2668 385 2729 440
408 2671 460 2728 sed
481 2690 559 2728 nova
577 2674 742 2746 tempestas
765 2669 911 2745 quaedam
931 2669 1085 2747 molesque
1106 2675 1209 2728 coorta
1230 2687 1314 2728 omae
1326 2690 1425 2748 geone

262 2774 299 2832 de
316 2774 480 2852 principiis.
514 2765 567 2830 Sia
583 2767 816 2828 Lachmannus
832 2787 890 2848 pro
911 2773 1090 2848 omnigenus
1106 2793 1122 2830 6
1138 2774 1303 2852 principiis,
1325 2775 1423 2852 que'm

261 2871 348 2934 vide.
380 2870 447 2948 ΙΙΙ,
471 2873 532 2933 266
553 2893 602 2952 sq.
630 2871 709 2954 quod
727 2891 824 2950 genua
853 2905 885 2915 ——
914 2878 960 2930 est
985 2875 1060 2933 odor
1083 2880 1114 2934 66
1138 2877 1261 2954 quidam
1286 2879 1367 2938 oolor
1391 2886 1423 2940 66

261 2999 357 3057 sapor.
376 2997 406 3035 v.
420 2975 480 3036 276
492 2996 541 3055 sq.
553 2976 615 3036 431
627 2979 708 3055 quod
718 2998 813 3055 genus
823 2981 870 3035 666
885 2976 965 3034 6666.
984 2972 1045 3050 IV,
1064 2975 1141 3037 271:
1160 2977 1347 3059 6666166666
1362 2977 1423 3039 illa

261 3084 334 3140 foris
359 3101 435 3159 quae
459 3101 528 3139 vere
553 3081 802 3170 transpiciuntur.
842 3073 884 3152 V,
912 3078 990 3138 608:
1022 3078 1102 3159 quod
1123 3098 1221 3156 66666
1244 3085 1325 3142 inter
1348 3086 1422 3144 <lum

262 3190 380 3262 segetes
410 3184 598 3261 stipulasque
628 3184 764 3242 videmus
794 3183 929 3240 accidere
960 3204 995 3241 ex
1024 3205 1085 3250 una
1114 3185 1248 3244 scintilla
1279 3188 1422 3248 incendia

261 3289 380 3366 passim.
413 3303 444 3343 v.
463 3283 541 3344 663:
565 3281 644 3365 qaod
661 3301 758 3360 66666
777 3286 876 3344 Idaeis
897 3286 976 3346 fama
997 3291 1043 3346 666
1065 3308 1079 3346 6
1100 3289 1255 3347 montibus
1275 3291 1345 3348 altis
1362 3292 1421 3349 dis-

260 3411 362 3469 persos
378 3390 458 3466 ignis
475 3390 585 3448 orienti
600 3389 715 3447 lumine
732 3390 822 3447 cerni.
855 3382 916 3461 VI,
935 3386 996 3448 890
1013 3389 1092 3468 qaod
1108 3408 1206 3466 geone
1222 3393 1299 3451 endo
1315 3396 1422 3452 marist

260 3494 354 3551 Aradi
369 3494 445 3551 fons.
478 3487 539 3565 VI,
559 3490 640 3551 1058
657 3492 739 3570 quod
754 3512 850 3568 genus
864 3511 980 3550 aurum.
1013 3487 1073 3565 VI,
1092 3490 1153 3551 917
1162 3512 1169 3549 :
1191 3489 1258 3551 Hoc
1273 3513 1371 3570 penae
1386 3493 1420 3554 a'o

218 3593 223 3602 '
261 3591 349 3652 reboo
363 3595 574 3654 firmandumst
589 3597 695 3666 multa,
717 3617 748 3642 =
769 3589 802 3650 in
819 3590 916 3652 rebus
935 3589 1030 3652 huius
1048 3591 1188 3673 generis.
1297 3633 1299 3638 ·

349 3696 379 3777 2)
414 3697 482 3755 ileo.
510 3693 695 3777 quantitatis
725 3692 895 3754 ioteaaioae
926 3695 1080 3772 (prodas).
1122 3693 1213 3757 Haeo
1239 3696 1420 3760 accusativi

262 3794 461 3879 significatio
487 3797 623 3880 primum
652 3815 805 3878 expressa
831 3793 888 3856 est‘
906 3795 940 3857 in
965 3795 1128 3880 adverbiis
1154 3818 1202 3874 e0,
1229 3799 1321 3872 adeo,
1348 3822 1417 3882 qao.

262 3898 324 3975 VI,
342 3900 403 3962 970
425 3921 493 3980 sq.:
520 3905 691 3979 barbigeras
716 3904 845 3962 oleaster
869 3919 901 3960 eo
925 3904 1010 3962 iuvat
1034 3920 1128 3981 usqae
1151 3905 1290 3982 capellas,
1315 3909 1420 3965 effluat

262 4008 427 4066 ambrosiae
448 4009 532 4084 quasi
552 4026 620 4063 vere
642 4012 673 4064 66
693 4007 817 4063 nectari’
833 4006 954 4066 linctus.
987 4001 1014 4077 I,
1034 4003 1116 4064 1019
1132 4007 1195 4064 sive
1212 4003 1286 4064 66166
1298 4003 1416 4082 potina.

262 4104 305 4182 V,
324 4107 397 4168 572.
421 4103 618 4187 Saepissime
640 4102 934 4165 intenditurfflotio
955 4126 986 4165 v.
1010 4105 1085 4166 adeo
1101 4103 1219 4166 addito
1241 4127 1346 4188 eaque,
1370 4105 1417 4168 sio

150 4268 154 4277 .
261 4208 290 4284 Ι,
312 4210 499 4271 6121006.
530 4205 597 4282 ΙΙΙ,
624 4208 674 4268 79.
693 4208 765 4268 254.
784 4208 856 4268 320.
876 4208 950 4269 891..
969 4210 1041 4269 528.
1060 4211 1133 4269 022.
1164 4207 1226 4285 ΙΙῙ,
1252 4209 1416 4273 lla-196.

263 4315 336 4373 225.
355 4313 427 4373 982.
446 4313 520 4374 401.
539 4312 611 4372 562.
632 4311 724 4373 1119.
744 4311 838 4372 1257.
870 4309 912 4385 V,
937 4312 1008 4372 545.
1041 4310 1102 4386 Vl,
1126 4312 1198 4372 253.
1222 4312 1314 4373 1212.
1349 4312 1417 4374 Ad-

261 4413 410 4480 verbium
439 4435 495 4498 qao
526 4419 583 4475 aut
611 4411 786 4474 relativum
815 4419 872 4475 aut
895 4411 1170 4494 interrogativum
1195 4433 1266 4475 6666
1291 4422 1416 4498 potest.
