3102 5000
391 419 663 464 enrurosrurouus
688 420 756 464 cuu
779 421 850 464 rur..
876 421 914 464 ur
937 422 1010 465 sco.
1238 407 1277 466 89

23 559 24 578 ³
137 613 165 652 v.
182 593 243 654 312
259 615 335 673 quae
355 601 426 654 sunt
448 591 481 652 ν’νο
498 591 574 653 luce.
597 613 627 653 v.
646 592 708 654 322
728 616 804 674 quae
819 597 878 655 situ
892 602 964 655 sunt
979 591 1012 652 ν’νι
1028 592 1105 654 lece.
1138 591 1199 670 VI,
1218 594 1278 656 873

136 700 165 757 in
179 699 244 758 luce
260 698 376 758 diurne.
405 692 453 772 II,
470 697 527 758 91:
544 699 733 759 reminiscere
748 700 843 760 totius
858 701 953 758 imum
968 700 1012 759 nil
1028 720 1090 759 esse
1105 694 1139 757 e'm
1153 717 1278 758 semema.

136 819 164 859 v.
183 797 279 861 1077:
303 805 339 860 ut
360 797 393 858 im
407 818 520 860 summo
535 822 581 862 res
596 802 681 862 nulle
696 804 736 862 sit
751 823 819 862 une.
850 797 893 876 V,
911 800 988 862 265:
1009 797 1043 861 e'm
1058 820 1230 882 emromoque
1245 805 1281 863 fit

23 909 24 912 ’
135 909 167 966 ut
181 905 225 964 nil
241 924 328 963 umor
342 904 484 964 abundet.
515 899 562 978 II,
581 902 657 965 107:
680 905 834 965 dissiliunt
849 907 938 984 longe
958 907 1108 986 longeque
1127 911 1281 966 recursant

136 1003 166 1066 m
184 1002 302 1084 moyseis
320 1002 505 1066 interuallis.
537 1002 700 1082 111,394:
724 1013 755 1068 et
774 1029 863 1088 quem
883 1004 917 1066 im
937 1003 985 1066 tis
1006 1004 1179 1069 intervallis
1200 1011 1281 1070 tudi-

23 1135 24 1176 l
134 1113 230 1171 tentis
248 1112 365 1190 possint
386 1130 560 1172 concursare
582 1105 640 1191 (sic
661 1106 797 1170 Lechm.
819 1129 877 1192 pro
893 1107 1038 1192 quamtis).
1070 1107 1118 1187 ΙΙ,
1136 1110 1212 1173 11'1:
1236 1134 1281 1173 re·

134 1216 251 1275 diorum
266 1209 379 1272 lumime
394 1209 428 1272 im
442 1209 518 1290 mco.
540 1231 570 1272 v.
583 1212 644 1275 160
661 1210 694 1274 im
709 1216 780 1274 solis
795 1235 871 1295 quee
888 1211 1001 1274 lomim
1017 1237 1136 1276 cernere
1151 1217 1280 1296 quimus.

134 1335 163 1375 v.
182 1315 244 1377 126
263 1313 296 1375 im
316 1317 386 1378 solis
402 1312 512 1376 redite.
538 1337 569 1376 v.
589 1315 665 1377 279:
687 1324 789 1378 temen
809 1338 871 1378 esee
892 1315 926 1376 ν’νι
939 1321 1062 1396 pectore
1076 1321 1177 1378 nostro
1195 1321 1282 1399 quid·

134 1423 201 1482 dem
221 1421 301 1480 cett.
335 1414 401 1494 ΙΙΙ,
420 1419 496 1480 298:
518 1423 550 1480 in
570 1427 700 1501 pectore.
727 1440 757 1480 v.
777 1419 859 1481 1056
883 1424 962 1482 tenti
982 1424 1054 1483 meli
1079 1457 1109 1466 -
1135 1425 1229 1484 moles
1248 1418 1281 1481 e‘m

128 1526 251 1601 pectore
266 1522 392 1584 constet.
426 1520 485 1599 VI,
502 1522 558 1585 31:
583 1527 701 1586 volvere
718 1545 856 1585 curarum
871 1527 966 1586 tristis
981 1521 1016 1584 e'm
1024 1527 1147 1602 pectore
1162 1529 1281 1587 fluctus.

133 1623 179 1702 ΙΙ,
197 1625 276 1687 286ι
298 1647 388 1706 querc
409 1624 442 1686 e'm
457 1625 619 1688 nemimem
634 1650 754 1708 quoque
767 1630 848 1689 idem
863 1630 974 1690 fateare
990 1634 1148 1690 necessest.
1170 1647 1202 1688 v.
1220 1625 1281 1690 317

133 1733 162 1790 in
178 1732 259 1792 colli.
276 1750 307 1790 v.
326 1729 404 1791 322τ
423 1738 454 1792 et
469 1733 518 1793 vel
533 1737 568 1792 ut
584 1728 617 1790 e'm
632 1727 727 1790 uiridi
742 1734 853 1792 candor
868 1735 1030 1793 consistere
1046 1729 1130 1792 colli.
1153 1752 1184 1791 v.
1202 1731 1280 1793 399:

24 1896 25 1918 ¹
132 1835 263 1895 iucundo
283 1855 371 1920 sensu
389 1835 510 1912 linguae
530 1840 700 1896 tractentur
714 1832 748 1894 νό
764 1853 824 1894 ονο.
856 1831 917 1910 IV,
936 1833 996 1896 617
1017 1857 1122 1896 sucum
1137 1837 1283 1896 sentimus

24 1967 25 2000 r
132 1933 164 1996 ν’νι
179 1955 241 1998 ore.
273 1933 333 2012 VI,
351 1936 449 1998 1228:
468 1940 544 1998 sitris
559 1960 645 1998 curus
660 1939 778 1998 volvere
794 1935 828 1998 οό
844 1957 893 1998 ore
908 1940 1006 2000 licere.
1036 1934 1083 2013 ΙΙ,
1102 1936 1162 1999 533
1182 1941 1282 2000 fecun-

133 2044 261 2122 damque
277 2043 376 2102 minus
391 2045 530 2101 usturam
546 2045 640 2102 cernis
656 2038 689 2100 e'm
704 2038 782 2101 telis.
799 2061 830 2100 v.
849 2041 927 2102 55οε
946 2065 1005 2122 quo
1020 2048 1110 2122 pecto
1126 2063 1284 2121 congresse

134 2147 259 2206 coibunt
284 2146 426 2205 materiae
450 2145 536 2204 tuoto
560 2141 593 2203 ν’νο
611 2141 723 2223 pelago
748 2141 895 2224 turbaque
917 2141 1046 2205 uh'eme?
1080 2141 1225 2220 1643:
1249 2141 1282 2204 e'm

131 2246 239 2327 pelago
255 2249 355 2308 nautis
372 2269 407 2308 ex
422 2250 511 2308 undis
528 2253 611 2308 ortus
627 2245 660 2307 im
675 2245 768 2307 medie
783 2251 828 2310 sol
845 2251 881 2308 fit
896 2250 942 2308 uti
957 2250 1097 2310 videatur
1112 2250 1203 2310 obire.
1234 2244 1282 2322 ΙΙ,

134 2351 207 2412 564:
226 2353 369 2412 remorari
389 2347 422 2409 c‘m
439 2346 578 2411 comce'bt'm
601 2369 631 2410 v.
650 2349 711 2411 601
733 2355 764 2412 in
780 2374 876 2412 curru.
899 2371 930 2410 v.
949 2349 1009 2412 667
1025 2355 1195 2413 influmine
1211 2372 1283 2431 quo·
1320 2373 1326 2386 ·

133 2477 197 2534 que.
230 2449 294 2528 IV,
312 2453 373 2515 220
390 2472 439 2532 sq.
461 2457 493 2515 in
501 2455 607 2515 medio
628 2457 810 2517 —·flu1nine.
832 2474 863 2515 v.
883 2454 981 2515 110οε
998 2451 1030 2513 m:
1046 2451 1201 2535 medioque
1217 2455 1284 2514 sitit

133 2553 261 2618 tomenti
268 2554 400 2639 flemme
415 2563 531 2638 potans.
563 2553 624 2632 VI,
643 2557 704 2618 143
721 2577 786 2637 sq.:
811 2561 892 2638 quod
907 2561 980 2620 item
996 2561 1031 2620 fit
1045 2555 1080 2618 οό
1095 2554 1169 2617 elio'e
1176 2553 1283 2638 flemi-

132 2657 219 2720 m'bue
240 2678 407 2740 magnoque
427 2657 515 2719 mem'.
539 2656 587 2736 II,
606 2661 666 2723 780
688 2668 723 2722 ut
738 2658 771 2720 ν’νο
793 2659 941 2742 quadrato
957 2665 1105 2724 cernimus
1121 2683 1183 2722 csse
1199 2663 1283 2720 dissi·

131 2767 215 2826 miles
242 2767 361 2824 formes.
386 2783 417 2823 v.
439 2761 513 2824 781:
539 2760 573 2824 tm
593 2783 721 2846 aequore
744 2768 841 2845 ponti.
871 2761 938 2840 III,
954 2764 1017 2826 493
1041 2787 1133 2844 agens
1154 2767 1284 2825 enimam

24 2931 25 2936 ,
132 2873 263 2948 spumet,
285 2870 370 2947 quusi
391 2863 424 2926 ν’νι
440 2885 567 2948 aequore
582 2865 662 2927 soleo
677 2874 836 2930 ventorum
856 2872 963 2930 validis
982 2872 1153 2930 fervescunt
1172 2869 1284 2928 viribus

22 2985 24 3044 ξ
133 2965 241 3032 undae.
272 2966 320 3044 ΙΙ,
339 2968 416 3030 782:
444 2978 497 3032 eut
521 2967 554 3030 m
576 2967 639 3030 om'o
661 2967 844 3052 quomrum
863 2991 1004 3054 puroque
1023 2969 1132 3032 ον’ίονο.
1155 2991 1185 3030 v.
1205 2970 1280 3032 965:
1327 2973 1329 2980 '

23 3079 24 3106 ¹
133 3071 195 3134 οονό
219 3073 377 3154 trepident
400 3071 434 3133 οό
457 3069 587 3134 sedibus.
620 3070 687 3150 ΙΙΙ,
706 3075 760 3136 ll:
779 3072 935 3159 florefem'e
954 3081 990 3138 ut
1009 3097 1078 3157 apes
1099 3072 1133 3136 im
1154 3071 1284 3135 saltibus

23 3201 24 3266 3
134 3180 235 3238 omnia
250 3179 357 3239 libant.
388 3197 419 3238 v·
439 3176 499 3239 105
520 3199 629 3258 megno
651 3200 740 3259 opere
760 3176 793 3238 ν’νι
815 3199 871 3261 qno
887 3183 928 3241 mi
944 3182 1054 3242 diversi
1069 3200 1166 3241 errore
1181 3179 1291 3240 viden·'

23 3279 24 3328 ἶ
134 3287 191 3342 tur.
208 3301 242 3340 v.
261 3279 339 3342 117:
357 3303 437 3343 nunc
453 3283 586 3342 animum
602 3303 721 3362 quoque
736 3289 773 3343 ut
786 3279 821 3342 ν’νι
835 3280 971 3344 membris
986 3305 1163 3364 cognoscere
1178 3285 1282 3363 possis.

133 3403 163 3444 v.
181 3384 246 3446 120
267 3405 354 3466 saepe
373 3391 476 3446 temen
495 3387 582 3447 nobis
601 3381 635 3444 i'm
654 3381 791 3445 membris
811 3389 875 3448 vite
889 3393 1031 3449 moretur.
1053 3407 1085 3448 v.
1104 3384 1165 3449 127
1182 3407 1284 3447 curere

23 3515 24 3580 }
133 3484 165 3546 m
179 3484 319 3548 membris
333 3494 369 3549 ut
383 3490 447 3549 vitu
461 3494 603 3552 moretur.
625 3509 656 3549 v.
675 3486 751 3550 276:
769 3492 850 3570 quod
865 3513 959 3570 genus
975 3488 1007 3550 νό
1024 3487 1135 3550 moetre'c
1149 3485 1285 3549 membris

23 3581 24 3660 ζ
134 3597 164 3652 et
178 3608 303 3671 corpore
323 3593 384 3652 toto
406 3593 500 3653 mixte
520 3628 552 3636 —
571 3595 616 3654 vis
632 3598 687 3653 est.
712 3612 743 3652 v.
762 3592 839 3653 651:
857 3591 991 3658 ommibus
1005 3591 1040 3654 νὀι
1054 3591 1190 3654 membris
1205 3599 1237 3654 et
1251 3589 1284 3652 οό

23 3663 26 3718 l
135 3711 183 3753 ονο
206 3691 334 3774 moroque
351 3691 473 3772 peleto.
506 3693 568 3771 IV,
591 3696 667 3757 926:
695 3703 861 3759 remaneret
884 3693 918 3756 e'm
942 3693 1088 3758 membm'e.
1120 3692 1187 3770 HI,
1206 3695 1281 3757 140:

23 3815 24 3820 ’
134 3799 226 3877 idque
246 3800 338 3859 situm
358 3795 456 3858 medio
476 3796 597 3877 ‘regione
615 3796 649 3859 ν’νο
670 3804 799 3881 pectoris
814 3805 927 3862 haeret.
958 3796 1018 3874 IV,
1038 3798 1112 3860 786:
1135 3795 1236 3858 eodem
1251 3783 1290 3856 e'm'

135 3897 256 3978 reatem
276 3898 408 3981 locoque.
440 3897 483 3976 V,
501 3901 577 3963 534:
600 3899 633 3961 οό
653 3900 753 3963 medio
774 3939 804 3948 -
829 3900 950 3982 regione
970 3906 1113 3983 quiescat.
1143 3896 1204 3975 VI,
1221 3899 1283 3961 115

23 4029 24 4032 ¹
134 4005 165 4064 in
184 4005 293 4064 multis
311 4007 494 4084 regionibus.
524 4001 591 4080 ΙΙΙ,
614 4005 690 4066 266:
717 4003 751 4066 νο
775 4004 878 4089 qmom'e
901 4010 1088 4068 animantum
1109 4001 1232 4063 eiecere.
1250 4023 1281 4063 v.

22 4145 24 4188 ,g
136 4104 461 4184 5282'e'mpede‘bem‘-
483 4111 594 4189 digitos
616 4113 766 4172 livescere.
798 4105 859 4184 IV,
878 4110 955 4171 542:
979 4104 1152 4188 etpedibus
1167 4108 1284 4188 pondus

135 4213 282 4271 sentimus
300 4213 406 4272 inesse.
427 4232 459 4276 v.
476 4211 573 4274 1125:
597 4221 756 4294 argentum
772 4219 803 4275 et
818 4217 944 4295 pulchre
958 4207 1130 4291 mpeditus
1145 4211 1285 4292 Sicyonia

136 4316 246 4374 rident.
277 4309 343 4388 III,
362 4312 422 4375 537
439 4312 472 4374 im
488 4335 575 4376 sense
591 4319 682 4379 debet
698 4313 810 4377 meiere
824 4320 927 4378 videri.
944 4335 974 4375 v.
994 4315 1069 4376 616:
1089 4312 1204 4393 (mens)
1219 4316 1284 4393 gig·

136 4419 220 4476 nitur
246 4413 277 4474 ν’νι
304 4418 403 4494 comite
423 4430 476 4482 sut
497 4416 624 4497 peditem
647 4418 830 4482 manibusve.
866 4440 897 4484 v.
923 4418 981 4481 791
1005 4437 1052 4498 sq.
1080 4419 1176 4478 multo
1202 4419 1283 4496 prius
