3102 5000
276 411 336 472 122
677 427 821 472 ruerus.
855 427 926 472 ose.
958 428 1018 472 vm.

357 599 388 661 3.
413 595 618 680 significatio
627 596 767 680 passive.
797 597 958 682 Exempla
972 595 1095 682 passivi
1111 603 1189 660 sunt
1204 597 1300 660 bueo:
1318 596 1347 675 I,
1358 601 1422 661 800

272 705 439 784 dispertita.
474 699 626 778 111,5ss
651 705 849 784 dispertitum.
886 723 917 764 v.
941 702 1194 783 638dispe1iits.
1225 722 1257 763 v.
1281 701 1423 765 702616-

271 809 409 886 pertitus.
449 826 480 866 v.
509 804 586 868 710:
617 827 693 887 quse
717 813 783 866 tum
807 802 1038 886 periitspariiia
1062 828 1116 887 per
1139 812 1231 867 artus.
1271 801 1334 881 VI,
1360 806 1422 866 593

271 905 451 992 dispertitur
465 915 501 970 ut
514 912 626 970 horror.
651 905 699 984 ΙΙ,
713 909 790 970 156:
808 932 868 989 qus
882 916 1006 990 propter
1019 911 1110 970 simul
1125 912 1205 970 inter
1219 930 1250 970 se
1266 909 1423 968 661661666-

269 1017 321 1072 166
336 1019 367 1073 61
382 1017 465 1073 extrs
480 1008 659 1094 ‹fffieiwsier
674 1024 722 1091 (ε
741 1007 987 1093 impediuntur).
1017 1007 1078 1087 IV,
1098 1010 1157 1072 763
1174 1013 1306 1092 eorporis
1321 1005 1424 1093 effecti

269 1137 381 1176 sensus.
412 1110 454 1189 V,
474 1113 795 1176 7766066161666166.
826 1112 1121 1190 ΙΙ,10696660661.
1152 1110 1181 1189 I,
1199 1113 1262 1176 872
1278 1115 1423 1174 interfiat.

269 1213 337 1292 III,
354 1216 415 1277 560
432 1235 504 1297 sqq.
524 1220 593 1280 ideo
614 1221 755 1280 oonoluss
774 1221 930 1278 moventur·
944 1220 1102 1279 sensiferos
1117 1224 1227 1291 motus,
1248 1239 1323 1297 quos
1339 1221 1425 1276 extro

269 1342 376 1400 eorpus
395 1322 427 1382 in
447 1343 532 1382 surus
551 1325 628 1384 66616
649 1326 724 1383 baut
743 1327 870 1402 possunt
886 1326 961 1403 post
979 1328 1109 1383 mortem
1124 1323 1219 1382 eieetu
1234 1315 1347 1380 moueri
1363 1313 1424 1399 (sio

268 1417 449 1485 Lambinus
472 1422 586 1504 reete).
626 1421 687 1500 IV,
715 1424 812 1486 1055:
839 1427 919 1486 unde
937 1420 1072 1507 seritur.
1114 1419 1168 1484 Sie
1193 1442 1211 1483 a
1235 1424 1424 1482 6666661666

269 1522 444 1606 oblongus,
465 1523 569 1608 prims
589 1546 688 1588 manu
697 1524 794 1610 serit.
826 1525 868 1603 V,
886 1527 986 1590 1020:
1008 1548 1065 1588 nee
1086 1529 1204 1588 loedere
1224 1547 1280 1588 nee
1294 1521 1422 1586 violari.

269 1624 469 1690 sichaeum.
487 1649 543 1711 pro
559 1627 686 1690 uiolare.
714 1627 774 1706 VI,
791 1631 869 1692 292:
886 1633 926 1692 sd
941 1632 1086 1692 diluviem
1100 1625 1247 1690 rovorari.
1275 1624 1330 1689 Sio
1340 1645 1425 1688 oum

267 1728 420 1794 Bentleio
435 1729 668 1796 Lsohmannus
684 1753 740 1815 pro
756 1752 907 1794 revocare.
938 1753 970 1793 v.
988 1733 1067 1794 832:
1090 1754 1183 1812 prope
1204 1734 1251 1794 uti
1272 1734 1355 1793 loeus
1373 1734 1425 1792 hio

267 1831 427 1917 linquetur
436 1839 543 1899 imnis.
568 1833 622 1898 Sio
632 1833 713 1898 Itali
722 1839 758 1898 et
767 1833 926 1919 impressi.
954 1833 1143 1898 Quadratus
1157 1831 1282 1917 linquit.
1300 1855 1333 1895 v.
1345 1834 1422 1896 889:

267 1945 426 2020 propterea
446 1937 580 2022 dispersu
598 1944 676 2002 forse
696 1962 850 2020 erumpere
872 1944 955 2020 cogit
974 1942 1018 2001 vis
1040 1961 1093 2020 per
1112 1960 1221 2019 uquam
1241 1939 1343 1998 subito
1359 1960 1425 1998 sur-

266 2065 392 2123 sumque
415 2065 451 2105 es
474 2039 645 2104 eoueiliuri.
678 2039 731 2104 Sie
753 2039 934 2104 Lambinus
956 2062 1013 2124 pro
1034 2039 1211 2103 conciliare.
1243 2036 1424 2102 Notandus

267 2150 319 2208 est
333 2140 392 2206 inf.
410 2142 542 2227 passivi,
560 2165 657 2226 quem
673 2144 768 2208 eodd.
787 2143 946 2228 praebent
960 2142 1002 2221 V,
1022 2145 1093 2220 761,
1104 2141 1217 2224 periri.

354 2246 515 2330 Exempla
530 2245 776 2327 impersonalium
787 2246 979 2329 passivorum
1001 2251 1080 2309 sunt
1092 2244 1191 2308 'hueoz
1211 2243 1240 2322 I,
1259 2246 1322 2308 112
1337 2249 1426 2326 igno·
1527 2233 1528 2242 ἵ

265 2359 358 2414 ratur.
389 2349 436 2427 ΙΙ,
454 2351 516 2412 962
541 2375 601 2433 quo
622 2351 777 2414 desursum
799 2375 892 2434 prope
907 2355 967 2414 ism
982 2349 1050 2412 siet.
1082 2347 1125 2426 V,
1144 2349 1201 2412 18:
1219 2356 1251 2412 st
1266 2353 1343 2412 bene
1360 2374 1424 2412 non

266 2461 386 2536 poteret
399 2458 464 2517 siue
480 2478 555 2535 puro
571 2462 691 2536 pectore
706 2453 780 2516 uiui.
804 2475 835 2518 v.
847 2455 927 2517 312:
948 2477 1025 2537 quse
1040 2459 1104 2516 fore
1119 2475 1263 2536 proporro
1278 2451 1422 2514 sedidem·

265 2581 324 2639 que
347 2581 499 2620 senescere
523 2561 635 2620 eredas.
674 2555 728 2620 Sis
753 2556 984 2620 Imohmsnnus
1007 2577 1087 2641 pror
1109 2579 1250 2639 quaerere
1274 2579 1422 2638 proporro

264 2664 322 2722 sibi
338 2683 466 2742 eumque
481 2684 633 2724 senescere
651 2666 762 2726 eredes.
799 2661 855 2739 VI,
873 2661 1101 2725 37716616166.

349 2761 461 2826 Etiam
489 2762 663 2826 verborum
692 2763 778 2848 quire
808 2769 843 2826 et
865 2784 955 2844 posse
984 2760 1115 2846 passive
1143 2759 1319 2824 ooniuneta
1343 2781 1422 2824 eum

263 2864 427 2930 infinitivo
443 2864 565 2950 passivi
579 2873 736 2950 usurpate
746 2864 1027 2930 suntsImoretiO.
1053 2864 1193 2942 1,1045:
1212 2869 1422 2928 dumvsnisnt

262 2975 338 3034 uliae
359 2994 394 3034 eo
414 2968 551 3051 suppleri
570 2994 686 3034 summe
704 2975 843 3054 questus.
875 2968 1059 3048 111,1010:
1082 2974 1164 3052 quod
1182 2976 1286 3032 tumen
1301 2966 1421 3048 sepliri
1525 2961 1526 2978 ¹

264 3078 349 3136 nulle
363 3078 479 3138 ratione
488 3078 641 3155 potestur.

347 3179 379 3239 4.
404 3175 562 3260 Refleeiea
578 3174 777 3258 signifioetio
792 3174 926 3259 passivi.
951 3175 1110 3254 11,1043:
1129 3172 1286 3254 recimere
1302 3184 1418 3238 eontra.

261 3278 325 3356 IV,
342 3280 420 3342 ³34:
438 3277 624 3342 esuvedus
639 3284 753 3344 eodem.
783 3279 839 3342 Lu
856 3278 937 3357 „Sic
953 3276 1163 3344 scribendum
1178 3300 1236 3362 pro
1252 3276 1416 3350 convertit,
1524 3303 1525 3312 ¹

263 3378 357 3445 utin
381 3401 479 3444 versu
503 3384 564 3446 295
589 3382 775 3445 6666611166
799 3385 918 3447 61311
944 3382 1126 3446 esseutiae:
1157 3401 1214 3444 eur
1244 3379 1332 3444 euim
1362 3378 1418 3444 bie

262 3483 365 3548 semel
386 3482 482 3548 aliter
502 3482 668 3548 dixerit?“
699 3484 741 3562 V,
761 3486 859 3550 1199:
882 3509 937 3550 nee
959 3491 1055 3569 pietus
1070 3491 1164 3550 611661
1178 3491 1312 3550 velitum
1328 3507 1418 3566 saepe

261 3592 357 3652 videri
380 3587 491 3650 vertier
514 3593 552 3652 ed
575 3592 716 3672 lapidem.
751 3587 851 3672 Apud
870 3587 1083 3652 Lactantium
1107 3586 1214 3652 instit.
1250 3586 1351 3665 11,3,
1377 3589 1415 3650 ll

262 3698 386 3756 Vertere
410 3716 441 3756 se
464 3696 503 3755 nd
526 3685 667 3775 lapidem.
707 3689 768 3769 IV,
794 3693 892 3756 1274:
923 3697 1015 3774 idque
1043 3716 1097 3756 666
1120 3716 1210 3756 oense
1232 3700 1417 3756 6666666661

259 3805 359 3860 666616
376 3793 498 3858 mosei.

346 3901 377 3962 5.
402 3896 536 3978 Edipsee
555 3898 648 3962 verbi.
680 3898 708 3975 I,
728 3898 788 3962 107
810 3906 842 3961 61
861 3903 978 3963 merito.
1009 3897 1151 3976 1.V‚795
1172 3903 1207 3962 61
1233 3898 1310 3962 783:
1332 3902 1415 3981 quod

260 4007 416 4078 sentimus,
437 4005 541 4080 idest,
562 4024 630 4064 oum
645 4026 703 4064 vox
718 4007 871 4066 emittitur
885 4025 954 4079 unu,
976 4007 1001 4065 si
1017 4021 1107 4078 mare,
1123 4006 1148 4068 si
1163 4009 1275 4066 terram
1291 4005 1414 4076 eordist‚

260 4111 286 4169 si
302 4109 432 4188 denique
447 4108 585 4170 eoelum?
608 4103 763 4168 Iasobm.:
781 4106 955 4189 „Apparet
970 4125 1032 4168 esse
1041 4103 1229 4168 addendum
1238 4125 1321 4182 esse,
1339 4124 1414 4166 eum

259 4207 295 4270 id
317 4213 361 4270 ssi
384 4205 613 4290 praecesserit:
640 4213 664 4271 si
689 4213 772 4273 eordi
795 4218 842 4274 est
861 4233 923 4273 esse
945 4233 1036 4287 mere,
1056 4214 1081 4273 si
1101 4219 1222 4286 terrum,
1242 4214 1268 4272 si
1286 4212 1412 4274 eoelum.

262 4311 304 4388 V,
322 4310 398 4374 239:
425 4315 516 4376 debet
540 4316 646 4376 eodem
669 4318 766 4376 omnis
789 4317 895 4377 mundi
917 4323 1026 4376 nature
1044 4317 1155 4395 putori,
1179 4309 1237 4374 ubi
1257 4332 1295 4374 ex
1317 4329 1412 4372 versu
1521 4399 1522 4402 Ἴ

260 4411 425 4510 superiore
441 4419 551 4478 mente
567 4413 755 4478 addendum
770 4421 837 4478 est:
856 4421 1017 4480 constare.
1036 4418 1137 4499 (reete
1148 4413 1299 4478 Giianius
1310 4410 1409 4495 expl.:
