3102 4988
620 427 831 473 uoruomvuu.
1239 413 1296 475 151

153 598 196 676 V,
216 601 297 663 1063
321 623 431 681 magna
459 637 489 644 -
519 606 622 664 mollia
645 606 730 664 ricta.
761 600 808 678 ΙΙ,
826 604 887 664 359
908 599 1011 662 crebro
1036 606 1140 664 revisit
1164 599 1300 662 aliorum

153 708 325 784 poetarum
339 723 428 765 more
444 705 487 786 (v.
506 703 601 786 Synt.
619 703 716 785 prisc.
735 703 873 767 555151.
892 703 939 779 ΙΙ,
957 726 988 786 p.
1008 704 1081 785 202)
1103 701 1301 766 adiectivum

153 805 265 889 posuit
279 804 336 881 ita,
354 811 392 867 ut
407 827 473 868 non
488 804 617 868 differet
633 807 672 869 ab
690 806 855 869 adverbio.

239 907 272 970 b.
306 908 407 970 Geaee
426 907 580 970 55155551.
613 908 855 992 Nonnunquam
877 907 1031 972 adiectivi
1052 931 1156 992 genus
1176 930 1242 971 uon
1263 908 1303 971 ad

153 1011 187 1074 id
200 1010 398 1074 vocabulum
413 1011 695 1075 accommodatum
710 1018 773 1091 551,
791 1034 853 1095 quo
869 1011 1075 1075 referendum
1092 1018 1173 1090 5551,
1190 1012 1247 1075 sed
1263 1011 1305 1074 ad

154 1113 245 1177 aliud
260 1112 404 1176 eiusdem
421 1112 681 1196 significationis,
700 1115 786 1198 quod
803 1113 978 1198 cogitatur.
1011 1115 1065 1178 Sic
1080 1116 1108 1193 1,
1124 1116 1302 1179 188-1905

153 1217 255 1280 omnio
284 1254 314 1262 -
344 1223 566 1300 crescentesque
589 1243 684 1300 genus
713 1229 841 1283 servant.
884 1217 945 1296 VI,
973 1221 1033 1281 215
1059 1244 1106 1282 eas
1135 1256 1167 1266 -
1196 1224 1305 1295 euntis,
1358 1221 1362 1232 '

154 1318 360 1383 referendum
382 1318 425 1381 ad
444 1325 549 1383 nubila
564 1343 595 1383 v.
614 1323 686 1384 214.
718 1320 747 1400 I,
764 1323 841 1386 352:
865 1327 1011 1385 Crescunt
1028 1321 1153 1384 5555515
1174 1358 1203 1367 -
1225 1326 1306 1404 quod

155 1429 240 1488 cibus
263 1429 294 1486 in
319 1427 400 1484 15155
420 1423 464 1505 (h.
487 1413 515 1485 e.
540 1423 682 1506 arbores)
705 1430 893 1488 diffunditur.
924 1425 1061 1487 Lachm.
1086 1424 1127 1487 ad
1147 1424 1208 1502 IV,
1226 1425 1304 1487 933:

155 1526 222 1606 „ld
237 1525 293 1589 vix
308 1524 404 1588 511155
419 1525 484 1588 dici
499 1525 608 1609 potuit
623 1548 683 1589 neo
699 1525 796 1590 facile
813 1526 965 1605 sentitur,
988 1548 1061 1590 cum
1078 1550 1142 1591 non
1159 1525 1204 1590 511
1219 1526 1307 1590 adie-

156 1635 248 1693 ctum
269 1629 304 1691 ia
325 1639 417 1691 eae.“
448 1627 558 1692 Minus
579 1629 717 1693 offendit
736 1632 799 1693 hoc
819 1629 854 1693 iu
874 1651 993 1713 genere
1009 1637 1137 1709 neutro,
1156 1629 1307 1712 quoniam

156 1737 220 1796 hoc
239 1753 343 1816 genus
364 1738 416 1794 est
434 1731 629 1810 universale,
653 1733 740 1816 quod
761 1733 870 1796 omnia
890 1755 1011 1816 genera
1032 1733 1066 1796 iu
1082 1755 1116 1796 se
1133 1732 1308 1817 complecti

157 1835 273 1920 possit.
306 1833 360 1898 Sic
375 1834 403 1913 I,
422 1836 461 1898 5⁷
486 1840 590 1899 eadem
619 1875 650 1882 -
679 1845 835 1920 perempte
859 1842 988 1920 spectat
1013 1836 1172 1901 adomnia
1198 1875 1227 1882 -
1252 1861 1309 1913 555,
1396 1816 1400 1830 ⁸

157 1938 246 2022 quod
269 1937 394 2000 dictum
418 1944 470 2000 cst
491 1961 524 2000 v.
541 1942 593 2002 56.
630 1938 785 2017 VI‚188:
812 1964 903 2023 quam
926 1947 987 2004 5151
1011 1941 1077 2002 luto
1101 1945 1197 2022 magis
1221 1964 1311 2022 quam

157 2067 275 2106 sursum
291 2046 427 2104 55155515
448 2047 521 2124 quid
544 2041 657 2120 511551,
678 2042 883 2106 referendum
903 2043 944 2106 ad
966 2048 1106 2107 nubibus.
1137 2041 1182 2105 ib.
1201 2065 1231 2104 v.
1250 2044 1310 2105 759

157 2153 290 2210 mactata
310 2149 440 2228 spectat
459 2144 500 2207 ad
520 2151 718 2228 quadripedes
739 2169 770 2209 v.
790 2147 861 2210 757.
894 2145 927 2209 Si
950 2145 1148 2210 adiectivum
1167 2143 1312 2228 pertinet

158 2248 200 2312 ad
225 2247 391 2331 complura
416 2247 624 2312 substantiva
648 2247 796 2312 eiusdem
814 2247 955 2332 generis,
982 2248 1160 2312 concordat
1182 2269 1256 2310 cum
1271 2246 1311 2310 iis

157 2353 193 2416 iu
208 2371 339 2435 genere,
363 2349 409 2414 515
425 2349 486 2428 VI,
505 2354 587 2414 1098
603 2373 692 2434 sqq.:
716 2361 808 2436 atque
829 2375 865 2414 eo
886 2352 932 2415 555
952 2358 1125 2417 morborum
1138 2351 1312 2433 555115155-

159 2481 217 2539 que
241 2464 294 2518 aut
318 2459 501 2518 extrinsecus
531 2491 561 2500 -
591 2461 727 2534 veniunt,
753 2466 806 2519 aut
829 2462 895 2540 ipse
918 2481 1005 2540 saepe
1030 2461 1149 2518 coortae
1173 2460 1210 2518 de
1232 2464 1312 2518 terra

157 2569 295 2641 surgunt.
327 2556 381 2620 Sic
396 2556 532 2620 Lachm.
551 2579 608 2641 pro
625 2565 739 2633 coorta,
765 2558 893 2622 scilicet
911 2585 951 2630 ea
965 2566 1010 2624 vis
1026 2565 1122 2623 omnis
1137 2564 1312 2623 morborum

157 2668 375 2746 pestilitasque.
412 2659 561 2733 Offendit
583 2659 686 2744 igitur
710 2662 797 2744 quod
820 2661 888 2740 ΙΙΙ,
910 2666 970 2726 558
992 2685 1041 2744 sq.
1068 2661 1193 2724 dictum
1218 2667 1269 2724 551
1293 2685 1312 2724 5

157 2772 270 2850 poeta:
288 2769 419 2847 corporis
435 2771 525 2847 atque
541 2770 634 2829 animi
649 2764 1310 2846 555515551551551515555555555515551551

156 2875 279 2952 vitaque
313 2874 464 2931 fruuntur.
509 2867 598 2930 Loco
627 2867 689 2944 IV,
721 2870 761 2931 90
792 2891 863 2951 sqq.
895 2872 985 2932 recte
1015 2866 1309 2930 Winckeimaunus

157 2971 259 3036 Beitr.
283 2992 341 3033 zur
356 2969 443 3034 Krit.
461 2968 519 3032 des
535 2968 632 3034 Lucr.
650 2994 683 3054 p.
702 2973 742 3034 22
759 2992 832 3034 cum
848 2970 1008 3034 Lambino
1032 2969 1163 3054 scripsit
1178 2970 1211 3032 di
1236 2992 1310 3033 5555

157 3080 281 3140 erebus
305 3111 336 3120 -
360 3079 541 3138 intrinsecus
562 3079 646 3136 55155
667 3111 697 3120 -
724 3079 855 3147 coortae,
878 3072 935 3137 ubi
955 3073 1156 3157 praecedunt
1178 3072 1309 3156 quidem

156 3183 239 3255 odor,
261 3183 370 3255 fumus,
392 3202 493 3260 vapor,
513 3176 570 3239 sed
593 3175 741 3258 sequitur
761 3175 875 3240 statim
894 3187 985 3261 atque
1001 3183 1076 3242 aliae
1092 3203 1148 3255 res,
1164 3176 1205 3240 ad
1221 3176 1307 3259 quod

156 3280 274 3344 deinde
296 3301 400 3362 genus
421 3278 681 3363 participiorum,
708 3301 791 3363 quae
811 3287 1004 3363 sequuntur,
1030 3279 1307 3344 accommodatur.

156 3383 214 3446 Sin
238 3382 462 3462 substantiva,
492 3383 534 3445 ad
559 3404 640 3466 quae
670 3383 869 3448 adiectivum
892 3383 1048 3462 refertur,
1081 3382 1201 3446 diversi
1231 3390 1308 3445 5551

155 3485 296 3570 generis,
312 3486 446 3570 ponitur
460 3507 564 3570 genus
581 3492 745 3549 neutrum.
777 3487 825 3566 II,
843 3490 921 3551 679:
945 3493 1075 3570 denique
1096 3492 1194 3550 multa
1215 3491 1308 3564 vides,

155 3596 265 3673 quibus
280 3599 311 3654 51
326 3590 408 3654 color
423 3599 454 3654 51
469 3611 559 3670 ceper
573 3614 634 3654 una
648 3590 770 3653 reddita
786 3600 857 3655 sunt
871 3616 939 3654 cum
949 3596 1049 3668 odore,
1065 3595 1096 3653 in
1106 3595 1307 3672 5551551555-

155 3719 213 3776 que
229 3694 318 3756 51555.
344 3692 497 3756 boehm:
515 3692 575 3770 „in
590 3698 706 3756 neutro
722 3713 842 3776 genere
857 3715 924 3756 non
940 3699 991 3756 551
1004 3692 1215 3768 haerendum,
1234 3712 1308 3753 cum

155 3803 237 3861 color
256 3807 288 3860 et
307 3822 395 3881 sapor
413 3822 473 3860 una
492 3821 560 3861 aum
582 3802 672 3860 odore
692 3794 759 3859 11115
778 3796 876 3860 55555
896 3795 1018 3858 reddito
1034 3795 1198 3873 dicuutur,
1220 3793 1307 3857 utin

154 3899 223 3976 ΙΙΙ,
241 3901 301 3963 283
317 3906 397 3964 15155
411 3926 442 3964 55
458 3905 619 3964 commixta
634 3908 742 3964 ventus
759 3908 902 3964 5155551
918 3905 1008 3978 calor,
1023 3897 1216 3983 praesertim
1232 3919 1306 3961 cum

155 4009 253 4084 poeta
272 4000 305 4065 15
326 4002 391 4066 fine
411 4001 567 4066 adiecerit
588 4004 708 4066 dooo.“
738 4003 804 4082 III,
823 4006 878 4066 66:
903 4002 1002 4083 155515
1023 4008 1102 4067 enim
1123 4008 1215 4066 ferme
1237 4023 1305 4064 555-

154 4111 282 4186 termina
306 4115 337 4170 51
360 4106 441 4168 aeris
462 4111 706 4186 5955755555515
727 4112 765 4171 ab
786 4112 869 4170 dulci
889 4113 953 4171 vita
972 4110 1133 4187 stabilique
1152 4110 1304 4168 videntur.

154 4231 186 4271 v.
199 4210 275 4272 136:
293 4215 384 4274 Nunc
399 4210 531 4272 5555555
546 4219 638 4293 atque
654 4209 785 4272 dcimam
800 4215 869 4273 dico
884 4209 1045 4272 5555555515
1060 4212 1166 4272 teneri.
1185 4229 1217 4268 v,
1230 4208 1247 4270 7
1251 4211 1302 4270 05:

154 4319 195 4375 sic
220 4312 323 4374 551555
350 4323 440 4396 atque
465 4313 584 4376 5551555
608 4319 742 4397 quamvis
766 4313 885 4393 5515555
910 4338 1012 4376 555555
1036 4317 1068 4375 15
1090 4336 1196 4394 corpus
1221 4320 1304 4374 eunt.

154 4438 185 4480 v.
204 4419 263 4479 551
282 4437 347 4498 sq.:
366 4426 398 4481 51
412 4423 460 4480 vel
475 4423 522 4481 uti
536 4439 643 4479 555555
657 4426 710 4480 551
726 4417 830 4479 ocolus
845 4437 973 4482 5555555
988 4441 1121 4480 seorsum
1136 4419 1250 4478 1555515
1267 4419 1304 4479 ab
