3102 5002
234 414 273 478 12
434 463 437 470 .
640 430 811 474 summm.
838 428 909 474 666.
934 427 986 474 111.

319 602 492 666 Pertinent
514 601 554 665 ad
577 600 756 665 ablativum
779 599 935 685 temporis
959 599 1057 663 etiam
1079 597 1232 664 adverbia
1252 599 1385 684 666666,

233 712 317 779 luae,
336 712 411 780 lum,
428 729 519 770 auae.

323 808 523 888 66666611,
549 811 622 872 966.
653 807 720 886 ΙΙΙ,
746 808 820 871 384.
853 807 1049 889 Plerumque
1073 812 1185 868 tamen
1210 827 1261 889 ap.
1287 805 1385 868 11666.

233 912 337 975 habet
353 911 628 994 significationem
649 910 824 974 causalem.
856 909 909 973 Sio
926 909 954 987 Ι,
972 912 1045 974 188.
1059 912 1131 972 206.
1144 911 1216 972 263.
1228 911 1302 972 495.
1319 907 1387 986 ΙΙΙ,

234 1017 306 1079 546.
334 1015 377 1094 7,
402 1017 475 1078 233.
505 1014 576 1078 Η66
601 1013 843 1097 significatione
868 1013 988 1077 dieitur
1004 993 1112 1076 Ι661661
1135 1011 1387 1096 666666661666,

234 1117 319 1196 661,
342 1121 415 1181 295.
439 1119 511 1182 587.
539 1117 586 1196 ΙΙ,
609 1120 682 1181 969.
705 1120 778 1181 980.
801 1118 895 1182 1037.
918 1119 1013 1181 1141.
1040 1114 1106 1192 ΙΙΙ,
1128 1116 1202 1178 457.
1219 1115 1293 1178 471.
1312 1116 1385 1178 557.

160 1253 163 1258 ·
233 1223 306 1285 831.
333 1220 485 1299 lusae.
505 1223 599 1285 1225.
625 1220 666 1298 V,
686 1222 779 1284 1133.

323 1322 420 1402 Tene,
457 1323 545 1407 quod
574 1323 615 1387 ab
646 1319 885 1406 antiquioribus
916 1321 1024 1407 poetis
1054 1343 1120 1384 non
1149 1319 1284 1404 ponitur
1312 1325 1389 1383 ante

237 1432 472 1489 consonantem
493 1427 646 1512 (Laohm.
671 1426 761 1504 adl,
785 1426 862 1522 130)
888 1431 980 1488 extat
1006 1424 1049 1503 V,
1074 1426 1290 1488 101914196
1318 1429 1390 1486 luae

234 1554 297 1594 6666
327 1539 486 1614 repertam.
532 1528 586 1591 Sie
617 1528 796 1592 Brixienais
827 1528 934 1594 editor
964 1535 998 1592 et
1021 1526 1184 1591 Marullus
1213 1549 1271 1611 pro
1297 1549 1387 1590 6666.

238 1655 269 1696 v.
289 1635 382 1696 1423.

325 1735 397 1798 Tum
418 1742 475 1799 aut
496 1734 617 1798 dieitur
636 1758 693 1820 pro
710 1756 743 1798 eo
759 1740 904 1816 tempore,
921 1733 977 1796 illo
994 1739 1138 1816 leonpore,
1156 1739 1194 1796 ut
1210 1732 1293 1796 duae
1309 1731 1390 1795 aeti·

236 1859 316 1901 oues
332 1837 366 1902 in
382 1861 483 1902 unum
499 1845 630 1923 tempus
647 1859 838 1902 concurrere
855 1837 1016 1916 dieantur,
1034 1843 1092 1900 666
1107 1837 1147 1900 66
1164 1836 1293 1901 6661666
1309 1858 1391 1920 6666

235 1941 372 2006 alteram
397 1941 545 2025 sequitur
569 1941 788 2026 intempore:
820 1963 1071 2024 nonnunquam,
1101 1940 1301 2025 praegressis
1325 1939 1390 2013 abi,

234 2044 327 2107 616667
356 2067 404 2118 ao,
441 2043 474 2107 in
505 2043 610 2108 limite
642 2044 734 2128 quasi
764 2043 933 2128 utriusque
963 2043 1121 2129 temporis
1151 2044 1297 2128 positum
1328 2049 1390 2106 est.

234 2147 398 2232 Exempla
414 2148 525 2210 suntl
555 2150 628 2212 157.
646 2149 720 2212 316.
738 2150 811 2212 393.
829 2151 908 2212 4926
933 2153 995 2210 tum
1016 2153 1215 2212 labefactatus
1230 2153 1313 2229 rigor
1327 2152 1391 2210 auri

234 2256 363 2315 solvitur
385 2246 479 2316 aestu'.
526 2250 579 2314 Sie
595 2251 826 2314 Lachmannus
849 2273 923 2314 eum
938 2250 1035 2314 Italis
1058 2257 1092 2314 et
1112 2249 1191 2313 olim
1212 2247 1391 2334 impressis,

233 2376 300 2417 non
321 2377 399 2416 eum.
426 2357 499 2419 433.
518 2353 584 2432 ΙΙΙ,
604 2356 680 2419 7106
705 2380 780 2438 quae
801 2361 863 2418 7666
879 2361 978 2439 periit.
1004 2353 1065 2432 IV,
1084 2355 1159 2418 2756
1183 2359 1296 2437 primus
1312 2359 1392 2417 enim

234 2462 311 2522 eitra
326 2466 427 2541 postes
444 2463 506 2520 7666
528 2463 735 2522 6661666661.
756 2456 799 2536 V,
816 2459 894 2522 3996
916 2463 960 2523 ira
979 2464 1042 2520 6666
1057 2464 1198 2542 percitus.
1220 2458 1295 2520 432.
1316 2459 1389 2520 7996

203 2585 207 2594 ·
232 2565 258 2623 si
273 2566 336 2622 tam
352 2572 423 2625 6666
444 2568 532 2645 plura
547 2571 658 2625 coorta.
680 2563 753 2626 837.
772 2564 844 2625 942.
864 2564 958 2625 1262.
976 2563 1076 2625 12736
1095 2567 1157 2624 tam
1172 2566 1232 2624 fuit
1246 2565 1278 2624 in
1293 2565 1392 2643 pretio

235 2669 331 2746 magis
352 2687 411 2728 666.
429 2666 510 2728 1397
527 2686 599 2747 sqq.
618 2666 711 2728 1404.
735 2663 796 2743 71,
815 2667 890 2728 2506
914 2670 995 2748 quod
1011 2671 1074 2727 7666
1089 2689 1143 2747 per
1157 2674 1259 2728 totum
1273 2688 1392 2728 conere-

232 2778 321 2831 seunt
344 2776 413 2832 6366
433 2773 537 2832 66666.
565 2765 618 2829 Sic
634 2767 771 2830 Laehm.
797 2770 1073 2852 666666611566
1095 2777 1186 2852 atque
1202 2772 1294 2831 animi
1310 2792 1392 2850 pror-

233 2896 300 2934 sum
322 2877 385 2933 lam
406 2876 483 2935 vires
505 2877 615 2949 totius,
637 2896 724 2935 omne
746 2876 910 2953 languebat
930 2897 1045 2956 eorpus.
1078 2869 1131 2934 Sic
1153 2869 1391 2948 77616661666,

236 2972 369 3056 gravius
396 2995 492 3056 quam
518 2973 605 3057 quod
629 2973 709 3037 Itali
725 2980 769 3042 ,66
792 2973 957 3058 impressi,
986 2981 1015 3038 et
1039 2995 1139 3047 66666,
1171 2973 1291 3037 omisso
1316 2979 1389 3035 7666.

234 3079 333 3140 11326
350 3083 509 3160 multaque
524 3087 678 3160 praeterea
692 3084 797 3143 mortis
814 3084 876 3140 lum
891 3084 977 3161 signa
991 3083 1149 3142 dabantur.
1167 3079 1261 3141 1243.
1280 3076 1391 3164 Oppo-

233 3177 323 3242 uitur
338 3201 420 3242 6666
436 3178 480 3258 7,
497 3183 559 3244 942
575 3205 656 3245 6666
676 3219 706 3228 -
727 3191 803 3246 tum.
821 3180 864 3260 V,
883 3182 963 3246 1007
981 3203 1030 3264 66.
1047 3190 1113 3245 tum
1129 3217 1159 3228 -
1174 3204 1264 3244 6666.
1289 3177 1392 3241 Usur·

233 3287 329 3366 66666
344 3281 379 3346 16
395 3282 651 3361 enumeratione,
675 3289 733 3348 aut
754 3284 861 3347 solum
879 3305 936 3368 per
952 3305 998 3363 66,
1020 3290 1058 3346 66
1075 3283 1117 3362 V,
1135 3287 1187 3362 69,
1204 3289 1262 3346 666
1279 3281 1391 3344 666166

225 3391 390 3466 praeterea
408 3386 455 3464 ΙΙ,
474 3389 547 3464 926,
565 3393 623 3448 aut
638 3407 695 3470 per
710 3386 937 3470 pleonasmum
954 3387 1116 3470 quendam
1133 3393 1310 3468 temporeo.
1338 3383 1391 3448 Sic

232 3489 261 3567 Ι,
280 3491 354 3553 298.
372 3492 447 3552 426.
466 3492 541 3558 520.
559 3492 631 3553 599.
655 3489 703 3567 ΙΙ,
722 3491 794 3554 672.
815 3493 885 3554 788.
904 3494 978 3554 886.
1000 3489 1062 3568 IV,
1079 3493 1153 3554 829.
1176 3490 1218 3568 V,
1237 3492 1309 3553 222.
1328 3488 1390 3568 71,

236 3595 308 3656 623.
345 3591 516 3656 Correlata
532 3598 610 3656 sunt
625 3592 700 3666 6161,
717 3593 810 3655 simul
823 3615 870 3672 66,
893 3593 956 3667 abi,
975 3616 1050 3656 6666.
1083 3591 1137 3656 Sie
1153 3591 1196 3671 V,
1214 3597 1255 3657 44
1271 3615 1338 3677 sq.:
1361 3603 1393 3658 at

232 3701 290 3760 nisi
314 3705 509 3779 purgatumst
532 3707 653 3781 peetus,
681 3722 757 3780 quae
782 3703 894 3780 praelia
919 3703 1005 3762 nobis
1029 3706 1120 3779 atque
1144 3702 1278 3780 pericula
1301 3703 1393 3761 766666

232 3805 359 3881 ingratis
382 3805 611 3865 insinuandum!
640 3811 770 3884 quantae
793 3807 855 3863 lum
876 3807 1020 3866 66166666
1040 3805 1194 3865 huminem
1215 3806 1393 3884 cuppedinis

232 3927 313 3968 aeres
334 3940 364 3949 —
386 3927 482 3967 curae.
500 3902 562 3980 VI,
579 3906 658 3967 4026
682 3929 720 3968 66
735 3905 828 3967 simul
849 3909 995 3968 6666166
1011 3927 1187 3982 enecassem,
1208 3910 1273 3988 ipse
1292 3910 1324 3967 in
1344 3929 1392 3968 666

233 4011 295 4068 lum
311 4011 477 4071 deseendit.
502 4005 563 4084 VI,
581 4009 663 4070 1151
681 4029 772 4091 sqq.:
797 4007 849 4070 obi
865 4033 918 4091 per
934 4013 1033 4071 fauces
1049 4017 1154 4091 peetus
1171 4013 1336 4091 complerat
1356 4044 1387 4054 —

232 4114 410 4174 6166167666
427 4135 497 4174 vero
513 4115 587 4174 vitai
603 4115 734 4174 claustra
748 4116 903 4176 lababant.
920 4110 948 4188 Ι,
967 4113 1029 4174 156
1045 4131 1113 4192 sq.:
1130 4115 1183 4174 ubi
1209 4151 1232 4156 -
1255 4119 1331 4175 tum.
1348 4109 1391 4189 V,

232 4214 293 4276 886
317 4234 406 4296 sqq.:
431 4219 483 4277 ubi
503 4251 535 4260 —
554 4218 767 4278 6666666616.
791 4213 838 4292 II,
860 4217 1002 4279 44-466
1027 4239 1095 4277 oum
1120 4251 1151 4260 -
1176 4223 1244 4278 tum
1263 4251 1295 4262 -·
1316 4225 1391 4280 tum.

232 4316 261 4394 Ι,
278 4317 338 4380 391
357 4338 406 4400 66.
424 4316 487 4395 17,
505 4320 565 4380 921
583 4339 632 4400 66.
650 4319 712 4381 453
730 4339 801 4401 sqq.
820 4320 918 4382 11666
937 4324 1063 4383 16616666
1080 4322 1253 4383 eromenion
1269 4324 1392 4397 7666116,

232 4441 298 4484 eum
313 4425 414 4484 vivere
430 4446 490 4485 non
507 4426 574 4504 quit
589 4445 660 4505 prae
676 4427 778 4485 macie.
