3102 5002
650 439 821 486 SUBSTAN'P.
848 439 919 484 CAP.
937 439 974 484 11.

742 737 813 814 Gap.
838 738 879 796 Π.

1071 831 1096 880 Q

528 868 720 932 Numerus
744 867 1094 932 substantivorum.

324 1028 353 1088 1.
380 1023 565 1105 Siaprllcris.
590 1029 704 1087 cervice
719 1023 843 1106 legitur
858 1022 887 1101 I,
905 1025 957 1086 35.
975 1023 1037 1100 VI,
1057 1025 1128 1086 744.
1150 1022 1198 1100 II,
1216 1026 1278 1087 862
1299 1029 1390 1086 eervi-

237 1138 332 1192 eemst
351 1137 440 1192 recte
464 1126 597 1211 scripsit
612 1125 788 1208 Briegerus
804 1124 925 1188 Philol.
944 1125 1054 1203 XXV,
1070 1149 1102 1209 p.
1123 1129 1173 1190 73.
1207 1125 1391 1188 Collectiua

236 1229 478 1313 significatione
504 1229 551 1307 II,
569 1233 629 1294 801
656 1236 760 1312 pluma
784 1235 999 1292 columbarum.
1045 1228 1222 1291 Notandus
1249 1231 1300 1292 est
1325 1227 1390 1290 sin-

236 1333 360 1416 gularis
383 1333 412 1411 I,
429 1335 507 1396 436:
535 1333 668 1414 eorporis
689 1338 814 1414 augebit
835 1358 993 1396 numerum
1018 1356 1224 1414 summamque
1248 1343 1391 1414 sequetur

237 1435 292 1520 (cf.
309 1437 395 1520 422).
426 1437 510 1499 Toto
526 1435 584 1497 illo
601 1436 674 1498 loco
691 1434 866 1499 Lucretius
883 1441 1079 1519 exposuerat
1095 1434 1203 1498 omnia
1218 1434 1252 1496 in
1268 1434 1389 1496 mundo

237 1545 388 1602 constare
405 1561 445 1602 ex
461 1537 650 1622 corporibus
668 1541 742 1622 (quo
758 1538 879 1624 plurali
895 1537 1023 1622 saepius
1040 1560 1077 1602 ec
1095 1538 1167 1600 loco
1183 1561 1262 1600 usus
1279 1539 1342 1620 est)
1362 1560 1388 1599 s.

236 1641 372 1706 materie
389 1649 423 1705 et
437 1642 538 1706 inani.
585 1643 759 1705 Praeterea
781 1663 999 1705 commemoro
1021 1642 1111 1708 locos
1129 1627 1302 1724 quosdam,
1321 1638 1390 1724 qui-

236 1746 297 1809 bus
320 1743 496 1828 singularis
518 1744 695 1809 restitutus
716 1751 767 1808 est
787 1768 844 1829 pro
865 1743 995 1829 plurali.
1027 1745 1056 1822 1,
1074 1728 1136 1808 232
1154 1747 1188 1807 et
1203 1744 1264 1822 IV,
1284 1746 1300 1806 7
1324 1749 1390 1806 reli·

235 1855 361 1931 giorum
376 1849 510 1910 animem
525 1853 612 1912 nodis
629 1853 779 1912 exsolvere
795 1873 887 1931 pergo
905 1846 962 1930 (sie
979 1847 1017 1910 L.
1021 1896 1031 1925 ‚
1050 1869 1145 1930 quem
1162 1846 1247 1936 uide,
1265 1845 1390 1910 utrobi·

237 1974 310 2035 que,
327 1974 393 2014 non
409 1953 548 2034 animos).
579 1951 703 2014 Contra
719 1951 820 2016 estin
836 1950 879 2028 V,
897 1954 935 2014 21
956 1957 1056 2015 dulcia
1071 1956 1260 2033 permulcent
1275 1949 1391 2011 animos

236 2061 345 2120 solacia
360 2061 454 2152 vitae,
474 2054 531 2118 ubi
552 2053 730 2136 quadratus
746 2054 849 2116 habet
864 2060 1006 2140 animum.
1032 2054 1079 2132 II,
1099 2057 1159 2118 613
1176 2078 1229 2136 per
1243 2063 1390 2117 terrerum
1461 2126 1468 2132 ,

236 2159 332 2220 orbem
353 2158 411 2242 (sic
434 2157 596 2220 Marullus
620 2179 678 2241 pro
701 2158 810 2239 orbes).
847 2157 914 2234 III,
937 2159 1014 2221 227;
1040 2163 1073 2220 in
1094 2166 1164 2221 'toto
1189 2181 1312 2240 corpore
1331 2154 1387 2218 rei.

237 2261 290 2324 Sic
307 2261 538 2324 Lachmannus
555 2259 687 2344 scripsit
701 2282 760 2343 pro
777 2284 885 2324 rerum.
901 2281 1004 2338 „nam
1019 2256 1253 2344 praecesserat,
1271 2257 1389 2341 inquit,

234 2371 291 2429 Nil
312 2370 406 2428 oculis
428 2374 531 2428 tamen
550 2388 613 2427 esse
637 2368 735 2427 minor
756 2389 802 2426 res
826 2368 891 2446 ipsa
915 2369 1050 2427 videtur:
1077 2369 1110 2426 et
1131 2361 1279 2446 quamvis
1300 2368 1391 2424 recte

237 2467 366 2531 dicatur
381 2492 531 2531 summum
548 2491 655 2550 corpus
669 2491 769 2530 rerum
787 2464 845 2548 (sic
862 2466 1036 2530 Lucretius
1052 2464 1087 2529 in
1102 2466 1164 2543 IV,
1182 2469 1223 2553 43
1240 2467 1308 2548 66),
1327 2487 1390 2547 quo

238 2569 346 2652 aliqua
362 2569 409 2633 rei
425 2568 581 2652 cuiusque
597 2567 671 2654 pars
689 2568 905 2652 significatur,
924 2576 958 2632 et
973 2568 1008 2632 in
1023 2569 1085 2646 IV,
1101 2572 1162 2632 525
1179 2594 1233 2632 suo
1249 2575 1391 2652 pepulere

238 2679 290 2740 ubi
306 2699 428 2756 corpore
444 2699 574 2750 sensum,
589 2671 735 2756 itemque
746 2699 951 2756 quaecumque
968 2677 1025 2736 aut
1041 2681 1141 2736 cetere
1153 2678 1253 2736 celant
1268 2696 1391 2754 corpore
1432 2673 1437 2682 '

236 2776 270 2840 in
286 2775 335 2855 ΙΙ,
350 2779 410 2840 673
428 2779 501 2854 678,
519 2775 648 2840 seilicet
663 2799 721 2838 suo
739 2775 878 2858 quicque
895 2797 1040 2860 corpore,
1057 2797 1162 2858 neque
1178 2773 1286 2838 minus
1302 2780 1391 2837 recte

237 2880 271 2942 in
293 2879 469 2962 negatione
489 2885 574 2943 nulla
596 2889 718 2944 aeterno
734 2905 870 2962 corpore,
895 2879 979 2942 libro
1005 2880 1033 2957 I,
1052 2883 1256 2957 242,'totum
1280 2884 1391 2940 tamen

239 3008 345 3066 corpus
367 3009 466 3048 rerum
488 2982 543 3044 vix
559 2982 640 3046 satis
655 2981 784 3066 proprie
801 2980 959 3047 dicitur“.
990 2983 1033 3059 V,
1052 2985 1093 3046 34
1108 2988 1221 3046 arboris
1237 2987 1391 3064 amplexus

137 3161 144 3176 ·
237 3087 371 3167 stirpem.
405 3086 458 3148 Sic
475 3085 637 3148 Marullus
659 3107 717 3168 pro
733 3084 853 3166 stirpes.
886 3084 1045 3161 V,1258:
1070 3110 1146 3168 quae
1168 3111 1237 3150 cum
1253 3093 1392 3148 concreta

238 3195 383 3254 videbant
406 3195 555 3272 posterius
580 3195 659 3252 claro
684 3188 717 3250 ic
738 3193 820 3249 terra
835 3181 1002 3270 ‘splendere
1024 3194 1131 3252 colore.
1178 3188 1231 3251 Sic
1253 3187 1390 3251 Lachm.

238 3314 295 3375 pro
312 3291 347 3354 ia
363 3298 472 3356 terras.
517 3290 698 3355 Lambinus
714 3290 748 3352 ia
764 3290 864 3353 terris.

326 3399 355 3458 2.
380 3395 535 3459 Floralia.
565 3394 627 3472 IV,
644 3397 727 3458 1185
748 3419 803 3458 neo
824 3392 950 3456 Veneres
969 3400 1090 3456 uestras
1110 3401 1167 3458 hoc
1189 3400 1282 3472 fallit,
1305 3392 1393 3475 quod

240 3496 366 3560 dictum
380 3497 480 3560 estde
495 3495 734 3560 meretricibus.
752 3496 780 3573 Ι,
799 3495 860 3560 152
871 3503 904 3561 in
919 3496 1020 3570 terris,
1039 3497 1125 3580 quod
1141 3497 1181 3559 de
1196 3497 1274 3560 orbe
1291 3503 1392 3560 terra-

239 3621 310 3664 rum
321 3606 373 3662 est
382 3599 620 3684 accipiendum,
637 3599 716 3662 alibi
726 3599 766 3663 de
777 3598 917 3682 singulis
926 3598 1071 3682 regionis
1082 3599 1220 3664 alicuius
1230 3597 1390 3684 partibus,

240 3702 287 3766 sic
306 3703 336 3782 1,
355 3704 413 3766 721
437 3710 544 3768 Italiae
567 3709 717 3766 terraram
736 3728 816 3782 oras,
839 3703 880 3766 ad
903 3726 934 3786 q.
955 3702 978 3766 l.
1001 3703 1139 3766 Lachm.
1162 3703 1257 3766 affert
1280 3725 1312 3765 v.
1332 3703 1390 3766 717

238 3813 396 3890 triquetris
420 3811 569 3872 terraram
592 3812 625 3870 in
650 3812 708 3870 oris
734 3811 768 3870 ct
792 3806 854 3885 VI,
874 3808 933 3870 713
958 3811 990 3870 in
1014 3806 1105 3869 terris
1129 3812 1263 3889 Aegypti
1286 3811 1391 3869 totius.

239 3910 404 3994 Frequens
428 3916 479 3972 est
500 3899 645 3993 pluralis
657 3909 826 3973 nominum
847 3909 1099 3988 abstractorum‚
1124 3908 1170 3972 sic
1185 3908 1214 3986 1,
1233 3911 1273 3972 36
1289 3913 1393 3972 avidos

244 4052 275 4060 ·-
295 4014 389 4076 circs.
421 4035 453 4076 v.
472 4016 532 4078 105
549 4019 629 4078 vitae
644 4013 790 4076 rationes.
821 4035 851 4076 v.
871 4013 1150 4097 lOsssorlaaecque
1167 4017 1246 4074 laea.
1279 4034 1311 4073 v.
1330 4015 1391 4075 128

240 4122 311 4180 solis
337 4122 485 4199 lunaeque
509 4123 626 4180 ineatur
653 4142 712 4199 qua
737 4123 812 4180 fiant
835 4122 961 4180 ratione.
993 4118 1054 4180 685
1080 4141 1207 4198 quorum
1232 4135 1393 4176 concursus

241 4225 337 4282 molae
356 4255 384 4265 -
410 4225 544 4284 efficiunt
565 4225 654 4302 ignis.
685 4219 713 4296 I,
732 4222 814 4283 1026
836 4249 867 4274 =
887 4219 929 4296 V,
951 4222 1014 4282 628
1031 4244 1119 4282 omne
1134 4243 1230 4300 genus
1246 4224 1346 4280 coetae
1362 4227 1393 4282 et

239 4327 337 4384 motus
360 4327 553 4406 experiundo.
599 4322 646 4400 II,
669 4327 727 4387 48:
759 4328 855 4386 metrae
878 4328 1035 4386 hominum
1065 4347 1211 4404 curaeque
1242 4345 1391 4404 sequaces.

240 4447 271 4494 v.
290 4427 331 4490 49
347 4425 464 4488 accitur
484 4450 642 4488 armorum.
674 4447 704 4488 v.
724 4428 785 4492 836
807 4435 842 4490 ut
864 4419 923 4490 uon
946 4431 1085 4490 omnibus
1106 4431 1260 4492 adtribuas
1275 4425 1393 4488 acuitas
