3102 5000
275 413 336 474 116
568 427 729 473 uomouss
753 429 957 503 spasmeam
991 431 1062 473 cas.
1080 430 1127 473 6.

274 621 337 680 quo
354 597 466 662 eodem
486 597 554 660 iure
570 597 670 687 facias
687 605 758 660 6666
774 605 808 662 66
824 605 914 661 tumst
933 604 1022 682 (quae
1038 606 1151 682 proelia
1166 605 1251 663 nobis
1273 637 1304 644 —
1324 605 1421 660 tumst

271 707 397 783 ingratis
413 705 626 766 insinuandum
635 707 670 781 !);
686 701 720 764 in
730 701 777 780 ΙΙ,
789 706 850 766 468
867 725 1001 774 6666666,
1020 702 1110 764 ouius
1125 701 1279 766 vocabuli
1293 706 1421 784 partem

271 803 393 886 perisse
409 810 544 887 apparet
565 809 633 884 (nec
648 815 749 869 tamen
766 812 838 870 haec
853 813 977 870 retineri
992 809 1112 869 hamata
1127 808 1342 882 necessumst).-
1362 803 1420 865 sed

270 905 327 968 ubi
343 906 491 970 additum
507 913 558 969 est
574 929 647 981 6666,
665 913 777 991 potest
793 907 902 970 omitti
917 907 1047 970 finitum
1063 913 1116 970 666.
1149 906 1177 985 Ι,
1196 908 1256 970 667
1273 912 1333 971 1116
1347 931 1421 989 quo-

270 1035 327 1092 que
344 1035 406 1073 esse
420 1016 479 1073 tibi
494 1016 590 1074 solida
604 1021 695 1093 atque
711 1011 1015 1095 aeternafateudum.
1047 1033 1079 1073 v.
1097 1013 1158 1074 963
1175 1020 1258 1074 extra
1273 1035 1421 1074 summam

269 1119 411 1195 quoniam
436 1120 479 1177 nil
504 1139 566 1177 esse
583 1114 765 1198 fotendum.
805 1114 852 1192 ΙΙ,
880 1115 919 1177 39
944 1120 1043 1178 animo
1068 1139 1187 1197 quoquc
1211 1119 1255 1177 nil
1279 1119 1421 1197 prodesse

266 1217 447 1295 6666666666.
478 1200 545 1294 ΙΙΙ,
564 1219 624 1280 543
640 1223 802 1281 Mortalem
817 1228 920 1280 tamen
936 1243 998 1281 6666
1013 1222 1142 1281 animam
1162 1223 1273 1280 fateare
1289 1241 1420 1280 necesse.

268 1337 364 1400 quam
381 1318 422 1381 ob
439 1341 507 1382 rem
523 1319 621 1382 etiam
637 1319 671 1381 in
686 1319 752 1396 ΙΙΙ,
767 1322 826 1384 796
841 1319 1011 1384 ferendum
1026 1326 1106 1403 puto
1122 1328 1209 1383 tanto
1223 1325 1318 1400 magis
1328 1325 1422 1382 infiti-

267 1427 378 1484 andum
394 1429 506 1486 Totum
521 1449 622 1507 posse:
640 1445 715 1485 uam
724 1443 815 1503 posse
831 1428 882 1485 666
891 1429 1022 1503 potesse,
1048 1444 1110 1506 qua
1147 1444 1244 1504 quam
1258 1420 1422 1484 Prisciani

267 1524 397 1588 codices
413 1525 538 1588 habent
552 1531 743 1591 infitiandum
760 1531 835 1590 est.“
862 1525 1037 1610 [Similiter
1051 1525 1093 1605 V,
1126 1529 1166 1590 40
1178 1525 1258 1610 sq.].
1281 1524 1342 1602 IV,
1355 1528 1421 1588 118

266 1628 425 1713 scriptum
442 1634 507 1692 est:
530 1636 637 1693 horum
659 1637 838 1694 intestinum
860 1636 987 1713 quodvis
1009 1635 1096 1712 quale
1119 1655 1181 1694 esse
1197 1632 1421 1713 putandumst?

264 1732 321 1796 L.:
348 1732 551 1817 „quadratus
561 1734 748 1814 putaadum,
775 1755 841 1796 non
856 1733 940 1796 male
958 1732 1078 1795 omisso
1098 1739 1153 1806 666,
1175 1739 1213 1794 66
1233 1731 1276 1794 ad
1296 1730 1421 1794 librum

265 1834 292 1913 Ι,
310 1839 369 1899 ΙΙΙ
388 1834 494 1914 docui,
513 1835 599 1918 quod
616 1842 726 1899 tamen
740 1835 869 1899 Nonius
887 1858 1015 1919 quoque
1032 1838 1160 1920 (pace,
1175 1836 1225 1919 18)
1243 1833 1422 1898 exhibet.“

264 1937 388 2000 Contra
409 1937 537 2001 codices
558 1962 576 2001 6
596 1939 718 2002 criticis
738 1938 929 2003 restitutum
953 1946 1004 2002 666
1019 1939 1154 2002 verbum
1171 1935 1419 2002 substantivum

263 2041 329 2119 ΙΙΙ,
357 2044 433 2105 203:
465 2047 607 2124 quoniam
631 2049 674 2105 666
699 2049 790 2108 animi
818 2053 925 2107 natura
948 2052 1067 2127 reperta
1092 2041 1158 2126 (sic
1174 2040 1349 2117 Marullus
1379 2046 1421 2101 ut

262 2166 359 2207 versu
369 2147 441 2227 130)
454 2151 488 2207 et
497 2145 538 2223 V,
552 2146 627 2209 587:
647 2152 718 2210 dum
733 2156 847 2211 tremor
862 2153 905 2209 666
920 2153 1025 2210 clarus.
1050 2147 1105 2209 1666
1119 2143 1240 2208 adiecit
1251 2141 1419 2206 Antonius

262 2246 370 2311 Marii.
402 2247 546 2312 Maxime
571 2249 792 2312 memorabilis
818 2257 870 2314 est
895 2249 1027 2314 omissio
1051 2246 1253 2312 coniunctivi
1274 2245 1335 2322 IV,
1354 2247 1418 2308 633

263 2371 353 2432 sqq.:
380 2358 470 2415 Nunc
492 2391 522 2400 -
543 2359 708 2437 expediam,
724 2353 866 2436 quareve,
892 2359 958 2417 aliis
980 2359 1062 2438 quod
1081 2358 1169 2417 triste
1191 2361 1222 2416 et
1242 2358 1418 2426 66666666,

265 2461 322 2516 hoo
345 2465 448 2518 tamen
472 2481 535 2520 esse
561 2462 627 2520 aliis
651 2463 746 2541 possit
767 2463 908 2541 perdulce
928 2462 1033 2535 videri,
1057 2466 1203 2539 tantaque
1218 2461 1250 2518 in
1265 2460 1312 2520 his
1327 2457 1419 2517 rebus

266 2563 410 2622 distantia
440 2563 652 2642 differitasque.
700 2559 855 2623 Lachma
891 2559 1114 2639 „Rectissime
1150 2558 1236 2642 apud
1270 2556 1418 2620 Nonium

265 2685 297 2745 p.
315 2665 366 2740 95,
385 2664 424 2726 30
446 2661 480 2724 in
500 2663 564 2725 fine
586 2662 741 2725 omissum
762 2670 822 2726 666ι
844 2662 892 2725 ita
913 2663 999 2726 enim
1022 2661 1137 2726 melior
1152 2661 1191 2724 fit
1208 2658 1416 2745 compositio.

265 2772 316 2827 est
340 2772 452 2828 autem
476 2766 517 2828 ad
541 2767 628 2830 huno
651 2781 823 2838 versumje
848 2767 1012 2853 superiore
1037 2766 1222 2831 iterandum
1246 2765 1297 2842 666,
1328 2761 1419 2845 quod

263 2869 348 2932 16666
363 2869 396 2932 in
405 2870 549 2951 possid.“

348 2973 542 3036 Praedicata
558 2995 629 3036 esso
646 2979 784 3057 possunt
800 2981 857 3037 aut
873 2973 1093 3052 substantiva,
1111 2978 1169 3035 666
1184 2971 1347 3036 adiectiva
1361 2971 1418 3034 vel

162 3080 168 3090 '
262 3075 448 3161 participia,
481 3083 539 3140 666
568 3076 732 3140 adverbia.
754 3073 851 3140 'Non
880 3099 962 3161 opus
986 3078 1043 3164 Jest
1071 3083 1181 3140 autem
1206 3097 1334 3160 semper
1359 3097 1419 3158 per

262 3181 400 3243 verbum
420 3201 482 3243 6666
503 3180 694 3246 adiunctum
715 3201 786 3244 esse
806 3179 1031 3264 praedicatum
1047 3177 1207 3257 subiecto,
1230 3178 1286 3241 sed
1304 3183 1419 3262 potest

264 3283 363 3345 etiam
379 3283 412 3348 in
429 3290 599 3348 contracta
615 3283 845 3348 enunciatione
862 3291 931 3346 sine
948 3305 1010 3346 6666
1026 3281 1103 3345 addi
1118 3281 1280 3345 subiecto.

348 3409 376 3449 a.
404 3386 709 3464 66666666666111,
728 3389 764 3450 9:
788 3394 832 3466 tu,
855 3396 949 3471 pater,
971 3408 1000 3449 66
1016 3411 1115 3451 rerum
1128 3385 1277 3452 66666666,
1309 3385 1338 3464 Ι,
1358 3385 1415 3449 75:

263 3496 342 3554 unde
358 3496 451 3554 refert
466 3497 552 3556 nobis
568 3491 664 3554 666666
685 3489 745 3574 (616
763 3489 900 3573 Sieger).
931 3489 961 3567 1,
979 3492 1018 3553 99
1041 3489 1140 3552 666666
1161 3494 1333 3572 concideret
1355 3488 1418 3572 (ais

263 3594 539 3678 Schlachtopfer).
1036 3641 1039 3646 -

348 3696 380 3761 b.
405 3697 565 3784 Adiectioo
590 3702 618 3758 66
636 3696 820 3778 6666666666.
858 3696 887 3774 Ι,
905 3695 995 3760 4522·
1004 3695 1160 3776 66666666
1183 3699 1301 3777 seiungi
1324 3719 1419 3777 seque

262 3807 389 3883 gregari.
425 3799 473 3878 ΙΙ,
497 3803 574 3864 850:
602 3807 667 3878 Quo
692 3806 729 3864 ad
754 3806 826 3863 licet
850 3824 884 3863 ac
906 3798 987 3880 podis
1012 3819 1042 3860 66
1065 3805 1204 3882 reperire.
1240 3796 1307 3875 ΙΙΙ,
1333 3799 1418 3860 1969

262 3911 392 3987 effugere
407 3911 483 3967 haut
501 3903 590 3984 66666·
605 3909 659 3966 666.
690 3903 753 3982 IV,
772 3906 850 3967 152:
868 3929 938 3967 nam
953 3927 1060 3986 nequo,
1076 3907 1122 3966 uti
1138 3909 1262 3980 vestem,
1273 3900 1420 3982 petisset

261 4015 397 4072 transire.
430 4005 488 4090 (sio
509 4005 740 4070 Lachmaunus
762 4028 820 4089 pro
840 4011 982 4088 6666666,
1010 4005 1137 4068 dicens:
1163 4010 1314 4086 „poscunt
1337 4002 1418 4066 ferri

262 4133 325 4172 non
344 4110 460 4174 debet:
482 4117 581 4194 pocta
602 4109 687 4172 euim
708 4110 854 4173 nondum
870 4108 910 4172 de
927 4107 1109 4172 simulacris
1125 4106 1282 4190 loquitur,
1299 4105 1357 4168 sed
1373 4107 1417 4170 de

263 4233 301 4275 eo
326 4214 412 4296 quod
437 4235 579 4276 summum
603 4212 643 4275 de
667 4212 765 4276 rebus
786 4212 933 4277 abundat
955 4199 989 4276 66
1009 4211 1155 4298 iacitur).
1187 4234 1218 4275 v.
1236 4212 1296 4273 611
1319 4215 1416 4292 (potis

263 4322 332 4396 666).
363 4339 394 4378 v.
412 4319 490 4380 803:
514 4341 632 4404 caruere
653 4343 714 4380 non
731 4317 813 4398 potis
835 4323 879 4379 666
898 4322 1024 4379 animus.
1055 4337 1086 4377 v.
1106 4317 1205 4378 1242:
1230 4322 1319 4376 tenve
1340 4318 1415 4376 locis

263 4427 333 4503 quia
357 4447 417 4484 non
435 4419 519 4500 potu
543 4426 586 4482 666
611 4426 739 4504 adfigere
764 4426 936 4485 adhaesum.
968 4419 1021 4482 Sic
1044 4418 1208 4501 oblongus
1229 4425 1263 4479 et
1283 4415 1414 4478 Nouius
