3102 5000
493 430 593 474 norro
614 430 722 474 vener.
754 430 972 474 nnroranrrs.
1246 414 1307 475 121

158 599 241 663 item
263 599 441 682 quadratus
462 599 522 677 IV,
546 602 597 678 53,
619 599 782 683 oblongus
802 599 921 663 vacari:
947 607 1117 685 praeterea
1136 600 1309 664 Lucretius

158 702 240 766 alibi
257 701 341 766 dixit
355 702 488 784 vaporis,
505 709 648 783 copuler,
665 709 829 784 vaporetur,
846 709 988 784 capelia:
1013 725 1068 767 our
1085 724 1162 786 ergo
1180 702 1311 767 credam

159 827 235 870 eum
256 806 359 869 semel
378 811 436 870 aut
455 804 505 869 bis
525 804 594 868 sin'e
617 827 715 870 causa
733 828 844 888 vayare
869 805 1011 870 scribere
1036 805 1189 870 maluisse
1215 829 1310 889 quarn

158 914 362 975 VAGARIl“
393 908 435 988 V,
455 911 515 974 783
531 909 730 988 oberieoisde
747 931 810 992 quo
826 931 858 972 v.
875 910 1013 974 Lachm.

248 1011 301 1075 Ad
324 1035 419 1074 usum
445 1011 711 1096 deponentialem
733 1012 904 1078 referenda
928 1011 1028 1076 etiarn
1048 1019 1126 1076 sunt
1147 1011 1314 1096 complura

160 1114 334 1200 partieipia
348 1113 487 1199 perfecti
502 1114 624 1199 passivi
639 1137 657 1178 a
673 1115 781 1179 verbis
795 1115 912 1180 activis
922 1115 1064 1179 formata
1073 1114 1314 1198 significatione

161 1218 282 1297 activa,
308 1217 377 1282 sive
400 1217 609 1282 intransitiva
633 1217 702 1282 sive
723 1218 907 1282 transitiva.
939 1217 1112 1282 Pertinent
1133 1220 1197 1282 huc
1213 1224 1315 1282 caeles

160 1322 212 1401 ΙΙ,
228 1325 302 1386 448.
321 1324 397 1385 903:
419 1347 454 1386 ex
469 1327 534 1386 aliis
550 1329 661 1387 sentire
676 1323 780 1386 salitis.
812 1322 873 1400 IV,
892 1324 951 1386 711
969 1334 1155 1386 consuetum.
1186 1344 1218 1385 v.
1236 1323 1313 1385 997:

161 1439 197 1491 at
212 1431 352 1489 consueta
376 1431 458 1491 domi
473 1432 641 1491 catulorum
657 1432 769 1490 blanda
784 1451 917 1510 propago
935 1432 1015 1490 cett.
1047 1425 1201 1489 Lachm.:
1219 1447 1315 1502 „cora

160 1535 268 1593 sueres
284 1535 335 1592 est
351 1529 406 1612 qui
422 1528 504 1593 vixit
520 1551 595 1592 eum
610 1529 682 1594 eliis
702 1537 736 1593 et
751 1528 911 1614 paulatim
927 1527 1171 1594 mansuefactus
1188 1527 1317 1591 scilieet

161 1631 206 1696 ad
223 1631 408 1697 convictum
432 1639 467 1696 et
488 1632 747 1696 familiaritatem
761 1632 979 1718 perductus.“
1009 1632 1050 1710 V,
1069 1636 1145 1696 208:
1164 1640 1316 1696 consueta.

162 1736 226 1815 VI,
245 1739 303 1801 787
330 1743 470 1800 consueta
495 1761 610 1801 necare.
640 1760 672 1800 v.
696 1740 795 1801 1043:
822 1743 926 1820 fugere
950 1746 1042 1821 atque
1066 1740 1151 1820 sequi
1175 1739 1317 1798 consueta

161 1847 305 1905 vicissim.
349 1840 455 1902 Cretes
483 1838 531 1919 II,
562 1842 623 1904 906
654 1865 730 1925 quae
760 1850 869 1905 cuncta
898 1846 1034 1906 videmus
1064 1845 1169 1904 mollia
1197 1843 1318 1902 mortali

161 1951 328 2010 consistere
352 1968 474 2028 corpore
498 1949 591 2006 creta.
632 1943 693 2022 IV,
717 1947 816 2008 1228:
843 1955 1040 2028 maternoque
1064 1968 1160 2008 mares
1185 1948 1319 2008 existunt

162 2073 288 2133 corpore
308 2047 394 2110 creti.
426 2047 467 2124 V,
486 2050 520 2110 6:
543 2053 665 2111 mortali
687 2073 810 2132 corpore
831 2053 941 2110 cretes.
972 2070 1004 2110 v.
1022 2050 1079 2110 60:
1103 2052 1196 2111 animi
1211 2056 1320 2111 natura

162 2161 285 2236 reperta
314 2160 360 2215 est
389 2155 492 2217 nativo
522 2157 652 2234 primum
682 2159 845 2216 consistere
875 2177 998 2235 corpore
1028 2156 1122 2213 creta.
1160 2172 1192 2213 v.
1220 2152 1317 2216 1116:

162 2262 294 2342 pulchro
318 2279 441 2339 corpore
466 2255 551 2317 creti.
583 2255 612 2334 I,
631 2258 714 2320 1919
736 2267 885 2333 concreta,
907 2253 988 2318 item
1011 2255 1052 2333 V,
1072 2257 1144 2318 798.
1176 2253 1243 2331 ΙΙΙ,
1262 2255 1318 2316 99ι

163 2367 218 2424 nix
233 2366 293 2424 acri
310 2364 447 2422 concreta
464 2365 579 2443 pruina.
611 2359 653 2436 V,
670 2362 733 2424 466
750 2365 784 2422 et
799 2361 862 2423 468
879 2383 1001 2443 corpore
1017 2363 1164 2420 concreto.
1196 2379 1227 2419 v.
1244 2359 1318 2421 495:

165 2469 212 2527 sic
231 2469 326 2546 igitur
344 2471 442 2526 terrae
462 2469 596 2526 concreto
619 2489 741 2547 corpore
763 2469 881 2547 pondus
897 2468 1045 2527 constitit.
1077 2483 1108 2524 v.
1128 2455 1227 2525 1957Ξ
1246 2484 1321 2544 quae

166 2591 238 2630 cnm
262 2570 400 2628 concreta
423 2571 569 2631 videbant
597 2605 628 2614 -
657 2572 824 2650 splendere.
859 2566 920 2645 VI,
945 2570 1004 2631 159
1026 2571 1167 2630 concreti.
1198 2564 1323 2626 adelae

166 2669 335 2747 11,1123:
358 2675 565 2753 paulatimque
587 2676 697 2753 gradus
719 2671 831 2733 aetolis
846 2676 987 2735 scandere
1003 2669 1140 2732 adultae.
1172 2690 1204 2730 v.
1222 2669 1320 2730 1181:

166 2779 259 2838 robor
282 2773 433 2835 adullam.
465 2772 508 2851 V,
526 2776 604 2838 800:
627 2781 739 2838 maiora
765 2812 795 2820 -
822 2773 997 2857 (animalia)
1020 2773 1139 2836 adalta.
1171 2773 1321 2834 ureae:

167 2882 283 2960 nequid
307 2881 346 2940 ob
369 2881 533 2940 admissum
557 2883 644 2942 foede
668 2879 821 2942 dictumve
842 2883 969 2961 superbe
991 2901 1155 2961 poenarum
1174 2899 1263 2957 grave
1284 2879 1325 2936 sit

168 2986 308 3046 solvendi
333 2985 448 3061 tempas
471 2980 622 3044 adultam.
658 2980 713 3044 Sic
733 2981 883 3059 Lachm,
911 2980 1081 3044 conferens
1106 2985 1191 3042 aetas
1216 2977 1324 3040 adello

170 3085 246 3170 (IV,
259 3083 367 3166 1038),
384 3104 442 3167 pro
459 3084 633 3146 adauctam.
650 3105 680 3130 -“
701 3085 819 3148 subitae
839 3113 871 3138 =
892 3105 974 3168 quae
991 3081 1093 3146 subiit
1108 3103 1174 3145 see.
1191 3081 1325 3144 Munro·

169 3209 248 3254 nem
263 3187 311 3265 ΙΙ,
324 3187 401 3251 363:
420 3191 570 3250 oblectare
586 3188 720 3251 animum
735 3187 926 3271 subitamque
941 3197 1075 3251 avertere
1092 3210 1201 3250 euram.
1218 3184 1325 3269 effetae

169 3291 220 3370 II,
233 3293 333 3354 1150:
351 3297 470 3373 iamque
486 3295 561 3355 adeo
577 3297 672 3354 fracta
686 3301 732 3355 est
742 3302 833 3371 aetas,
850 3291 1000 3376 effetaque
1015 3295 1107 3354 tellus
1123 3295 1172 3353 vix
1187 3292 1328 3352 animalia

170 3419 264 3480 parva
288 3403 378 3458 creat.
410 3393 472 3472 VI,
494 3396 571 3458 843:
599 3420 658 3477 quo
682 3400 777 3476 magis
802 3404 848 3459 est
871 3401 967 3477 igitur
989 3398 1081 3458 tellus
1106 3393 1194 3479 effeta
1220 3396 1326 3454 calore.

165 3503 349 3581 penetratus
372 3495 434 3575 IV,
461 3497 538 3560 670:
570 3522 646 3580 quae
670 3503 835 3578 penetrale
865 3507 982 3582 queunt
1004 3522 1124 3561 sensum
1149 3499 1328 3580 progignere

172 3607 322 3667 acerbum.
353 3623 385 3662 v.
405 3603 487 3664 1246
504 3621 553 3683 sq.
577 3612 630 3665 aut
651 3610 808 3684 penetrare
829 3607 910 3665 locos
930 3626 1023 3684 aeque
1045 3605 1151 3683 nequit
1172 3608 1226 3662 aut
1234 3617 1328 3678 peae-

173 3711 290 3768 lrolam
299 3728 387 3786 aegre
401 3710 584 3768 admiscetur
598 3709 737 3769 muliebri
758 3710 870 3769 semine
886 3730 996 3769 semen.
1021 3701 1172 3786 Denique
1187 3701 1331 3781 inpensas

173 3808 235 3887 VI,
266 3811 344 3872 491:
379 3817 542 3891 tempestas
571 3817 663 3890 atque
692 3813 835 3872 tenebrae
865 3813 1022 3892 coperiunt
1050 3813 1144 3870 maria
1173 3828 1207 3867 ae
1235 3811 1330 3867 terras

172 3913 301 3995 inpensa
322 3935 458 3995 superne.
489 3910 722 3974 Lachmannus
747 3910 859 3974 docuit
882 3911 1016 3992 impensa
1042 3908 1107 3973 diei
1129 3927 1224 3994 posse
1248 3927 1329 3990 quae

172 4014 377 4101 impendent.

260 4118 507 4200 Nonnunquam
542 4116 741 4202 deponentia
774 4116 905 4200 passiva
938 4123 1095 4201 usurpata
1124 4112 1331 4197 reperiuntur

174 4220 427 4307 significatione.
471 4221 523 4283 Sic
549 4221 598 4295 II,
625 4224 686 4285 516
716 4230 926 4286 remensumst.
972 4219 1033 4297 IV,
1060 4220 1143 4283 1189
1173 4223 1330 4281 meditata.

173 4324 329 4389 Pessivae
350 4323 600 4408 significationis
620 4323 769 4387 effictum
790 4330 842 4387 est
865 4323 963 4388 etiarn
986 4320 1183 4385 adiectirum
1206 4318 1331 4383 incomi-

176 4435 272 4502 tatus,
290 4427 378 4510 quod
393 4425 560 4491 invenitur
575 4427 635 4506 VI,
654 4429 749 4490 1995.
