3102 5002
421 418 851 467 casussussraunrvosuu.
876 423 990 467 aaran.
1244 404 1285 470 tt

123 607 158 648 v.
182 589 245 650 640
271 593 368 650 clarus
391 625 424 634 -
448 593 544 669 magis
571 594 652 653 inter
676 595 774 654 inanis
798 563 925 674 quamde
948 597 1047 674 gravis
1066 599 1148 656 inter
1168 599 1285 656 Graios.

123 711 158 751 v.
178 692 262 753 1063
278 695 373 772 magis
389 714 489 772 quam.
520 690 568 768 II,
585 694 663 755 390:
684 698 802 756 minora
821 733 854 742 —
874 719 973 777 quam.
1005 717 1036 756 v.
1055 697 1286 779 112⁷:0cp1us
1393 747 1398 758 .

124 797 268 874 dispendi
283 798 396 855 faciant
411 815 500 876 qaam
516 800 648 858 vescitur
662 803 753 858 aetas.
774 795 841 872 111,
854 798 915 859 391
932 818 1020 878 sqq.:
1033 795 1125 876 priua
1145 835 1176 844 -
1197 819 1286 880 quom

124 899 293 976 primordia
320 901 487 958 sentiscant
515 921 659 960 concussa
687 904 799 962 animai
822 909 854 960 et
877 921 966 982 quom
992 905 1022 962 in
1047 904 1093 961 his
1117 905 1286 963 intervallis

124 1001 298 1060 tuditantia
316 1003 433 1078 possint
453 1021 637 1061 concursare.
668 998 816 1082 (hachm.
840 1022 929 1084 qaam
949 1001 982 1062 ta
1000 1001 1049 1062 hta
1063 1022 1121 1084 pro
1137 1001 1285 1084 queatis).

125 1097 322 1181 Respondet
336 1099 548 1162 antecedenti
562 1099 646 1162 alius
662 1121 735 1162 cum
751 1102 928 1184 negatione
946 1101 1122 1165 coniuncto
1139 1102 1205 1180 III,
1225 1105 1285 1166 110

125 1221 190 1260 ocor
205 1199 268 1261 ah'o
284 1212 373 1282 pacto
388 1223 478 1284 qaam
493 1208 529 1278 si,
544 1226 597 1283 pes
612 1227 681 1266 cum
697 1208 781 1266 dolet
796 1211 888 1286 aegri,
911 1211 942 1267 in
965 1210 1049 1268 nullo
1065 1215 1157 1286 caput
1171 1210 1287 1268 interea

124 1308 169 1364 sit
195 1309 271 1365 forte
296 1308 408 1367 dolore.
440 1303 661 1384 Coniungitur
681 1324 755 1366 cum
781 1312 868 1378 ante,
890 1313 972 1386 poet,
992 1311 1133 1386 practer,
1155 1327 1225 1386 pro,
1252 1317 1287 1369 ut

124 1410 181 1466 fist
201 1411 272 1466 ante
295 1427 396 1487 qaam,
412 1411 484 1485 pou
505 1427 606 1488 quana,
622 1412 750 1486 practer
771 1429 873 1490 wem,
889 1429 1070 1492 proquam,
1093 1431 1124 1470 v.
1138 1429 1209 1491 cap.
1223 1407 1284 1471 IV.

126 1505 357 1588 Compositum
383 1513 434 1568 est
452 1528 612 1590 perquam,
642 1507 801 1592 decuius
828 1509 1070 1591 significatione
1097 1509 1171 1572 vide
1196 1509 1287 1574 Han·

126 1608 219 1670 dium
244 1607 277 1669 in
301 1608 442 1670 Tursell.
472 1608 533 1684 IV,
559 1631 591 1692 p.
612 1611 686 1672 466.
714 1609 781 1688 III,
805 1614 882 1675 180:
907 1618 1034 1675 minutis
1051 1632 1200 1694 perquam
1225 1637 1288 1675 cor·

126 1715 253 1792 poribus
282 1717 398 1774 factum
427 1720 573 1774 constare.
623 1732 654 1771 v.
688 1713 765 1776 187:
801 1724 937 1777 constare
970 1719 1112 1776 rutundis
1141 1735 1288 1797 perquam

125 1817 294 1876 seminibus
309 1818 402 1876 debet
410 1833 616 1896 perquamque
631 1819 768 1877 minutis.
799 1837 830 1877 v.
850 1819 922 1880 204.
947 1816 1020 1879 229.
1043 1815 1105 1893 IV,
1124 1817 1199 1878 169:
1215 1837 1288 1895 pcr-

125 1935 219 1997 quom
238 1919 349 1978 subito.
379 1914 421 1992 V,
444 1917 520 1978 594:
542 1921 617 1978 scire
637 1920 710 1979 licet
723 1938 872 2000 perquam
894 1924 1027 2002 pauxillo
1049 1941 1136 2000 posse
1156 1924 1287 1980 minores

126 2040 203 2079 esse.

214 2115 365 2200 Denique
385 2119 449 2181 huc
471 2125 625 2201 spectant
641 2119 796 2182 adverbia
812 2120 1109 2204 comparativorum
1126 2129 1160 2182 et
1176 2141 1287 2205 super·

125 2218 306 2282 lativorum
332 2219 513 2282 accusativi
538 2220 676 2284 formam
704 2222 870 2285 habentia.
902 2222 965 2298 IV,
987 2224 1046 2286 871
1065 2244 1153 2304 sqq.:
1176 2228 1301 2304 glome·

125 2334 253 2404 rataque
268 2327 366 2384 multa
381 2329 498 2406 vaporis
513 2321 637 2406 cbrpora
651 2361 682 2370 -
698 2330 835 2408 dissupat
844 2331 1006 2388 adveniens
1017 2330 1117 2406 liquor
1131 2349 1165 2387 ac
1180 2331 1288 2388 restin-

128 2430 201 2506 guit
220 2434 255 2487 ut
276 2430 388 2506 ignem,
411 2451 495 2488 urere
517 2451 555 2489 ne
576 2432 673 2508 possit
692 2432 773 2490 calor
792 2427 924 2508 amplias
939 2432 1040 2490 aridus
1055 2436 1148 2490 artus.
1179 2426 1207 2504 I,
1226 2431 1288 2490 556

129 2532 232 2604 citius,
247 2525 329 2588 item
344 2525 392 2604 11,
404 2529 456 2590 34.
478 2527 507 2604 I,
520 2531 580 2591 24³0
597 2534 706 2592 minus.
728 2527 756 2605 I,
769 2532 830 2592 196
846 2535 957 2612 potius.
978 2531 1120 2592 v.1019:
1136 2535 1199 2592 sive
1214 2535 1289 2592 adeo

123 2627 243 2708 potiar.
276 2627 337 2706 VI,
357 2632 452 2692 1165:
474 2654 530 2693 nec
549 2636 643 2693 nimio
665 2637 806 2712 cuiquam
826 2657 926 2714 posses
942 2636 1047 2694 ardore
1062 2637 1142 2693 tueri
1157 2637 1289 2714 corporis

129 2737 162 2793 in
179 2755 296 2793 summo
312 2757 458 2796 summam
474 2738 637 2796 fervescere
653 2742 779 2815 partem,
799 2740 852 2797 scd
865 2733 973 2814 poliac
991 2739 1131 2816 tepidum
1150 2739 1289 2797 manibus

129 2858 299 2915 proponere
315 2842 440 2896 tactum.
467 2833 521 2896 Sic
531 2835 694 2896 Marullus
710 2857 767 2918 pro
785 2835 889 2898 totius.
912 2835 940 2912 I,
953 2837 1035 2899 1111
1053 2841 1145 2917 prius.
1167 2835 1214 2913 II,
1228 2837 1288 2898 792

129 2941 303 3017 proclivius.
334 2935 588 3012 I,157rectius.
619 2959 650 2998 v.
673 2939 714 2999 82
736 2943 863 3020 saepius.
895 2936 956 3014 VI,
980 2939 1040 3000 315
1062 2943 1156 3001 setius
1178 2942 1289 3018 (secius

128 3036 236 3120 prima
257 3059 355 3100 manu
377 3037 552 3120 oblongus,
575 3038 663 3120 quod
684 3038 805 3102 falsum
821 3039 896 3120 est).
928 3039 1289 3120 I‚12:aeriaeprtmom

126 3145 267 3202 volucres
290 3150 323 3202 te
348 3176 379 3187 -
404 3146 587 3222 significant.
617 3163 649 3203 v.
673 3144 728 3203 66:
748 3141 880 3220 primum
904 3147 1012 3204 Graius
1036 3148 1127 3204 homo
1150 3146 1288 3206 mortalis

127 3247 256 3305 tendere
272 3252 377 3305 contra
392 3253 439 3306 est
454 3247 556 3306 oculos
571 3267 669 3308 ausus.
701 3243 762 3320 IV,
781 3245 878 3306 1151:
895 3253 926 3306 et
942 3254 1061 3326 praeter
1075 3248 1180 3306 mittas
1196 3248 1289 3306 animi

126 3349 207 3407 vitia
222 3349 323 3407 omnia
339 3344 480 3424 primam.
503 3345 657 3408 Lachm:
673 3344 739 3422 „In
749 3344 884 3425 primam
898 3344 1065 3422 adverbio,
1083 3366 1148 3426 quo
1164 3345 1288 3427 primus

128 3445 270 3508 cavendi
291 3444 413 3526 gradus
434 3445 641 3529 designatur,
669 3446 754 3509 male
775 3445 882 3509 haesit
903 3453 936 3509 et
957 3447 1120 3510 Marullus
1144 3453 1178 3510 et
1199 3447 1289 3508 Nau-

128 3548 282 3630 gerius.“
311 3547 353 3625 V,
371 3551 450 3612 851:
466 3554 577 3632 pabula
585 3549 720 3630 primam
735 3559 771 3612 ut
786 3554 857 3612 sint.

464 3807 502 3855 11.
528 3809 747 3857 accusativus
767 3807 957 3870 qualitatis.

216 3955 363 4018 Primum
379 3977 484 4038 genus
501 3956 681 4019 accusativi
697 3956 868 4039 qualitatis
886 3955 997 4034 estid,
1014 3955 1071 4018 ubi
1087 3956 1173 4018 act-io
1190 3955 1237 4017 ita
1254 3977 1288 4018 se

131 4058 288 4142 explicat,
312 4064 349 4120 ut
369 4057 505 4122 interior
526 4058 619 4140 quasi
640 4058 688 4121 vis
712 4065 746 4120 et
767 4064 885 4120 natura
906 4057 975 4120 eius
995 4057 1029 4121 in
1051 4057 1194 4120 medium
1216 4079 1290 4140 pro·

131 4159 268 4237 seratur,
295 4181 359 4241 quo
383 4160 529 4244 pertinet
551 4159 692 4244 primum
716 4181 785 4222 acc.
810 4160 955 4223 eiusdem
978 4159 1080 4243 etymi
1100 4180 1174 4221 cum
1190 4160 1290 4222 verbo

133 4261 340 4325 coniunctus.
381 4261 429 4339 lI,
457 4264 554 4326 1137:
587 4269 686 4344 largos
715 4273 871 4326 exaestuat
893 4272 1005 4326 aestus.
1046 4261 1107 4338 VI,
1134 4264 1212 4324 816:
1238 4262 1290 4321 tos

132 4357 227 4446 igitur·
244 4369 338 4428 tellus
359 4365 454 4426 omnis
475 4371 633 4427 coaestuet
650 4371 764 4438 certas,
789 4372 823 4427 et
838 4364 873 4427 in
888 4362 1018 4447 passivo
1036 4361 1103 4439 III,
1122 4365 1183 4425 569
1200 4383 1288 4443 sqq.:

181 4469 265 4517 noras,
280 4468 429 4507 senonens.
1060 4472 1076 4517 3
