3102 5002
241 386 281 446 56
653 401 808 445 rasurus.
841 402 912 444 515.
937 401 984 444 rv.

242 593 272 633 5.
288 572 365 633 7165
383 595 510 653 quorum
523 577 742 654 Acragantinus
754 593 818 633 5555
828 569 941 651 primis
951 574 1150 654 Empedocles
1159 579 1207 634 est
1216 565 1401 654 (opponun-

241 679 296 736 tur
321 695 351 735 5.
377 673 439 737 734
463 673 637 758 infertores,
663 697 694 737 v.
719 673 828 736 Hand.
852 672 993 736 Tursell.
1020 673 1067 750 ΙΙ,
1088 695 1121 756 p.
1141 674 1224 755 172).
1257 673 1305 750 ΙΙ,
1324 675 1399 736 536.
1498 745 1505 758 .

241 777 320 838 8495
338 797 403 836 5555
412 775 526 860 primis
541 801 682 858 quaerere
705 802 758 859 par
779 786 833 840 556.
865 775 932 851 ΙΙΙ,
950 778 1029 838 6195
1052 784 1115 838 tam
1137 801 1228 858 quam
1247 782 1277 839 in
1302 785 1401 840 morte

240 883 311 941 mali
328 899 393 939 eum
403 877 514 958 pristis
529 883 586 942 hoe
601 885 642 942 sit
658 904 770 943 eorum.
793 877 834 956 V,
847 880 925 940 336:
944 886 975 941 56
990 883 1068 941 hane
1083 884 1197 960 primus
1213 899 1278 939 5555
1291 877 1402 958 primis

240 987 303 1064 ipse
324 989 461 1063 repertus
482 1005 564 1043 5555
587 1005 642 1062 ego
658 1007 723 1044 sum
741 988 805 1044 565.
837 1003 868 1041 5.
888 982 965 1042 6215
984 1004 1052 1043 nam
1067 985 1132 1043 fieri
1148 987 1197 1044 vel
1213 1002 1277 1042 5555
1287 980 1402 1060 priests

240 1088 273 1147 id
288 1108 375 1166 posse
391 1088 521 1146 videtur.
544 1081 607 1161 VI,
626 1086 698 1146 260.
717 1086 790 1146 939.
810 1084 904 1144 1222.
926 1081 955 1159 Ι,
974 1081 1034 1146 275
1046 1105 1114 1164 sq.:
1131 1088 1175 1146 165
1190 1088 1319 1164 perfurit
1334 1082 1402 1143 aeri

241 1207 306 1248 5555
311 1183 447 1268 fremitu
468 1221 498 1230 -
519 1193 637 1250 ventus.
666 1209 697 1248 5.
718 1188 795 1249 2875
813 1190 943 1248 molibus
959 1191 1096 1262 incurrit,
1111 1185 1226 1246 vetitis
1242 1183 1400 1246 55555651-

241 1287 307 1359 655,
333 1292 438 1350 amnis.
469 1309 501 1348 v.
525 1288 604 1350 3475
632 1313 695 1351 5555
719 1307 790 1348 raro
815 1309 880 1349 5555
905 1311 1037 1369 corpore.
1069 1285 1131 1363 VI,
1154 1289 1214 1349 631
1239 1308 1310 1348 raro
1334 1309 1401 1348 5555

241 1409 363 1470 corpore
384 1394 476 1452 651155
498 1395 553 1452 eet.
585 1413 616 1452 5.
636 1392 735 1453 10595
759 1407 830 1450 raro
851 1396 923 1472 5515
938 1394 1010 1478 sunt
1025 1411 1090 1450 5555
1106 1409 1239 1468 corpore.
1272 1388 1301 1466 I,
1320 1391 1398 1452 7555

241 1515 317 1575 5555
333 1517 387 1554 555
403 1497 506 1554 556155
520 1497 656 1556 videmus
679 1513 742 1554 5555
757 1501 788 1555 56
804 1491 927 1554 mortali
948 1513 1012 1552 5555
1028 1510 1160 1571 corpore.
1192 1489 1235 1568 V,
1254 1493 1314 1554 126
1330 1516 1402 1554 eum

241 1599 347 1677 quovis
372 1601 495 1676 torpore
525 1633 555 1640 —
586 1619 658 1658 esse.
697 1616 729 1656 5.
757 1596 834 1657 3525
863 1599 934 1675 5515
956 1599 1029 1655 5556
1053 1592 1150 1654 solito
1175 1613 1245 1682 eum⁴
1266 1613 1399 1674 corpore.

240 1719 273 1759 v.
296 1699 373 1760 3645
397 1705 429 1759 56
450 1721 562 1779 55555,
583 1702 631 1759 561
651 1701 753 1774 docui,
773 1695 870 1758 556565
892 1717 957 1757 eum
980 1715 1102 1774 corpore
1125 1700 1230 1758 mundi
1250 1702 1399 1759 naturast.

241 1821 272 1861 5.
291 1800 370 1862 4395
396 1804 520 1862 deducit
535 1805 649 1882 pariter
664 1799 745 1860 65565
762 1819 827 1860 eum
843 1819 965 1878 corpore
980 1802 1101 1860 nubem.
1131 1819 1164 1858 5.
1183 1799 1262 1860 9045
1281 1796 1403 1877 triptici

240 1923 306 1964 5555
317 1921 440 1982 corpore
451 1939 481 1948 —
492 1925 561 1964 555.
578 1900 606 1978 Ι,
619 1903 696 1964 8185
709 1899 892 1983 eum-quibus
902 1905 931 1961 et
941 1906 1023 1982 quali
1032 1907 1168 1983 positure
1178 1906 1401 1964 contineantur.

241 2003 367 2067 Eadem
391 2003 550 2086 leguntur
574 2026 604 2066 5.
629 2005 701 2066 909.
734 2001 998 2080 11,761.1008.
1031 2041 1060 2049 -
1095 2003 1124 2080 Ι,
1150 2005 1250 2065 10665
1277 2007 1402 2066 alternis

241 2105 393 2168 55665555
408 2116 546 2189 tempora
562 2111 636 2170 55511
653 2103 800 2168 dividere.
833 2104 881 2182 II,
899 2107 961 2167 166
978 2127 1037 2188 555
1053 2111 1182 2188 quicque
1197 2113 1321 2186 geratur
1334 2125 1402 2167 5555

241 2207 373 2271 ratione.
401 2208 449 2285 ΙΙ,
462 2210 522 2272 367
540 2215 638 2272 teneri
653 2206 790 2270 tremulis
806 2228 872 2268 5555
886 2206 1008 2268 uocibus
1022 2213 1121 2270 haedi.
1147 2229 1178 2268 v.
1191 2209 1268 2270 6475
1286 2229 1400 2269 semma

243 2331 309 2372 eum
325 2331 406 2391 5555
430 2317 556 2374 fruatur.
593 2307 655 2388 VI,
679 2311 717 2373 73
743 2315 796 2373 sed
821 2315 983 2391 55156565
1007 2314 1065 2373 6151
1083 2309 1216 2389 placida
1240 2330 1405 2390 cumpace

245 2418 365 2495 quietos
387 2419 553 2476 constitues
574 2437 699 2494 magnos
721 2418 831 2475 irarum
854 2417 973 2476 volvere
994 2418 1113 2475 1155655.
1144 2411 1192 2489 ΙΙ,
1210 2414 1270 2475 681
1294 2418 1404 2494 quibus

247 2524 278 2578 56
298 2518 380 2578 55155Ι
401 2525 433 2579 56
454 2540 542 2598 sapor
561 2537 623 2576 555
646 2520 765 2579 reddita
785 2524 857 2577 5556
878 2535 943 2576 oum
959 2515 1059 2576 odore.
1091 2513 1158 2592 III,
1177 2517 1238 2577 682
1254 2535 1303 2596 sq.
1321 2521 1404 2578 haud
1433 2515 1437 2524 ’

246 2623 291 2680 165
306 2622 506 2681 conveniebat
521 2623 569 2680 561
584 2637 649 2678 eum
665 2637 787 2697 5555555
802 2629 834 2680 56
848 2638 910 2677 555
927 2637 992 2676 eum
1007 2616 1143 2678 55556555
1160 2623 1299 2680 videatur
1315 2623 1347 2681 15
1367 2655 1398 2664 -

245 2725 392 2801 sauguine
417 2744 520 2783 cresse.
557 2741 587 2780 5.
608 2721 684 2783 7595
710 2729 747 2782 56
770 2725 924 2782 intereant
945 2740 1007 2779 555
1033 2741 1098 2780 eum
1122 2741 1244 2800 corpore
1266 2729 1402 2783 5555655.

245 2820 289 2899 V,
306 2823 406 2885 1083:
425 2830 546 2886 5556556
562 2843 628 2884 eum
643 2821 870 2902 tempestatibus
885 2841 948 2882 555
970 2857 1000 2866 —
1027 2830 1141 2884 555655.
1163 2821 1213 2914 ΙΙ,
1231 2825 1315 2885 1014
1335 2848 1404 2886 eum

246 2929 355 3007 quibus
376 2963 407 2970 -
428 2931 490 2988 sint
562 2931 670 2988 155565.
693 2923 760 3001 ΙΙΙ,
778 2926 856 2987 101:
874 2929 1170 2987 515555555555555.
1195 2947 1227 2986 v.
1246 2927 1323 2987 1595
1341 2950 1403 2988 5555

246 3033 377 3090 animam
387 3048 453 3088 eum
464 3025 564 3088 animo
574 3027 776 3088 coniunctam.
795 3049 825 3088 5.
841 3029 917 3106 5625
936 3030 989 3088 551
999 3031 1043 3087 est
1059 3024 1220 3088 contemta
1231 3028 1323 3108 55555
1339 3049 1404 3090 eum

246 3148 378 3208 torpore.
411 3127 473 3205 IV,
491 3130 591 3191 11935
614 3153 690 3212 5555
711 3133 856 3212 conplexa
875 3134 931 3192 viri
947 3153 1054 3210 eorpus
1071 3149 1135 3189 5555
1152 3149 1272 3209 corpote
1289 3128 1400 3209 555556.

246 3227 289 3308 V,
306 3232 385 3293 4385
404 3255 549 3314 paresque
566 3256 634 3294 eum
649 3230 780 3312 5515655
801 3231 888 3312 65595
903 3255 950 3294 res
967 3231 1139 3313 (coepere).
1171 3229 1232 3308 VI,
1252 3233 1335 3294 1074
1352 3253 1400 3313 sq.

246 3331 386 3412 15555655
406 3354 465 3395 555
488 3353 609 3414 corpore
630 3339 809 3397 55515555.
840 3332 907 3407 ΙΙΙ,
927 3335 987 3395 168
1003 3331 1127 3413 pariter
1148 3337 1234 3413 fungi
1257 3353 1323 3394 5555
1338 3353 1402 3395 eor-

239 3454 327 3515 5555.
360 3457 391 3497 5.
417 3438 479 3500 445
505 3443 618 3520 pariter
641 3460 709 3499 eum
734 3459 866 3518 corpore.
903 3457 934 3496 v.
962 3436 1039 3499 7475
1060 3434 1183 3515 pariter
1207 3441 1314 3498 erescit
1338 3457 1402 3497 5555

246 3556 368 3617 corpote
384 3542 457 3600 6565.
489 3561 519 3600 5.
540 3540 617 3602 7695
641 3543 754 3621 pariter
768 3563 837 3600 eum
853 3533 1121 3621 eorpore'quoque.
1153 3537 1195 3614 V,
1213 3539 1312 3600 12285
1338 3559 1402 3599 eum

245 3639 361 3702 5565515
378 3640 502 3721 pariter
525 3640 693 3721 6551556555
716 3650 807 3723 56555
832 3639 1012 3720 elephantis.
1045 3639 1107 3717 VI,
1132 3642 1209 3703 501:
1232 3649 1267 3703 56
1282 3639 1403 3719 pariter

246 3747 332 3806 nobis
349 3767 456 3826 eorpus
473 3763 538 3804 eum
553 3742 703 3823 sanquine
719 3749 835 3806 crescit.
855 3742 917 3819 VI,
936 3745 1013 3805 5905
1031 3748 1191 3806 subsedere
1207 3741 1271 3804 suis
1284 3741 1403 3822 pariter

210 3837 213 3842 ’
247 3865 312 3907 5555
331 3844 448 3907 civibus
470 3850 566 3908 urbes.
598 3845 665 3921 ΙΙΙ,
684 3847 760 3908 2015
784 3868 860 3928 5555
885 3882 916 3890 -
943 3851 1039 3926 magis
1059 3865 1125 3907 5555
1142 3845 1277 3925 pondere
1297 3865 1403 3924 555555

246 3971 410 4031 asperaque
419 3953 626 4010 inveniuntur.
643 3969 674 4008 5.
684 3948 747 4010 233
758 3973 851 4030 vapor
862 3983 892 3994 —-
903 3953 999 4011 trahit
1005 3956 1074 4011 5555
1080 3967 1188 4010 seeum.
1206 3969 1237 4008 5.
1249 3949 1325 4010 5095
1339 3967 1403 4008 eum

245 4046 360 4110 vetitis
369 4049 469 4112 555665
478 4057 608 4112 aetatem
620 4054 737 4130 degere.
754 4073 785 4113 5.
799 4053 876 4113 6015
894 4055 968 4114 haee
984 4050 1048 4130 ipso
1066 4071 1131 4112 5555
1147 4054 1402 4130 55555555551555

245 4157 332 4214 fiunt.
348 4173 380 4241 5.
393 4155 454 4215 649
466 4153 954 4233 55155551555555555565555655.
972 4175 1003 4215 5.
1016 4154 1076 4216 700
1085 4161 1176 4216 65565
1185 4157 1297 4236 551555
1307 4159 1403 4234 magis

246 4275 311 4316 cum
322 4259 650 4339 eorporefussperibit.
667 4277 698 4317 5.
712 4257 774 4319 824
784 4265 904 4339 praeter
914 4261 994 4320 enim
1010 4281 1100 4338 quam
1116 4259 1198 4338 quod
1213 4255 1322 4318 morbis
1338 4277 1403 4318 5555

246 4363 377 4439 eorporis
393 4371 505 4440 aegret.
532 4357 593 4432 IV,
613 4360 651 4420 27
673 4379 737 4419 eum
762 4380 883 4441 corpere
904 4397 934 4404 -
955 4365 1081 4439 vigeret.
1107 4381 1138 4420 5.
1157 4360 1218 4420 343
1235 4362 1402 4441 pedemque
