3102 5000
515 435 564 477 111.
591 434 687 479 reor.
713 433 909 478 nnurrrvnu.
1230 417 1290 482 llll

142 607 195 666 illa
210 615 251 668 et.
277 603 370 670 unice
387 625 499 668 verum
515 611 567 667 est
581 609 664 668 Hinc
680 603 784 675 illaec,
802 610 837 666 et
852 602 937 668 infra
953 607 1034 670 1083
1051 604 1143 668 illaec
1158 611 1293 688 germina

141 705 201 788 (sic
226 704 350 769 amicus
375 705 548 789 Lambini).
580 707 643 769 hoc
667 706 777 769 locum
801 706 904 769 habet
924 706 981 770 ubi
1000 707 1059 770 illa
1080 729 1212 772 versum
1227 730 1293 771 non

142 809 265 892 explet.

480 967 532 1016 Ill.
569 967 748 1017 Pronomeu
767 967 954 1016 relativum.

228 1140 258 1182 a.
290 1118 489 1205 Siquillcolio.
531 1119 628 1182 Pron.
654 1117 827 1182 relativum
851 1117 985 1202 ponitur
1007 1118 1042 1182 in
1066 1117 1295 1182 enunciatione

141 1220 335 1286 secundaria
365 1220 406 1284 ad
434 1220 601 1286 notionem
631 1220 774 1303 aliquam
802 1220 986 1286 accuratius
1011 1221 1238 1305 exponendam
1261 1229 1296 1286 et

140 1323 403 1388 describendam.
445 1325 474 1402 I,
501 1327 536 1388 3:
568 1346 644 1407 quoe
671 1349 753 1388 mare
776 1330 961 1407 navigerum,
986 1347 1063 1408 qaue
1086 1334 1180 1388 terras
1203 1331 1296 1406 frugi·

141 1434 285 1492 l'orentois
307 1433 505 1492 concelebras.
536 1426 662 1491 Eodem
684 1427 781 1491 modo
797 1435 946 1514 ῥητορικῶς
960 1427 1140 1510 repetitum
1156 1434 1207 1490 est
1222 1449 1296 1510 pro·

141 1551 263 1594 nomen
279 1553 310 1593 v.
329 1531 401 1594 278.
424 1528 490 1608 Ill,
509 1533 587 1594 985:
611 1555 666 1594 nec
686 1530 766 1614 quod
784 1536 840 1595 sub
862 1556 971 1613 magno
987 1540 1161 1596 scrutentur
1176 1541 1297 1614 pectore

140 1639 304 1718 quicquam
338 1642 514 1718 perpetuam
549 1642 680 1698 aetatem
716 1644 841 1716 possunt
875 1640 1005 1718 reperire
1035 1640 1180 1718 profecte.
1227 1633 1297 1717 (Sic

139 1735 306 1800 Marullus
335 1758 391 1820 pro
421 1736 517 1819 quid).
558 1736 618 1813 IV,
646 1738 701 1801 71:
733 1746 847 1819 quanto
875 1743 975 1802 minus
1002 1741 1175 1820 indupediri
1204 1761 1298 1819 pauca

140 1849 260 1923 queunt
282 1848 312 1902 ot
332 1861 408 1922 qaae
427 1851 499 1904 sunt
519 1845 615 1922 prima
634 1845 733 1904 ironic
749 1846 848 1904 locata
864 1845 956 1924 (quoe
971 1839 1099 1904 addidit
1114 1839 1297 1904 Lachman-

139 1945 228 2026 nus).
264 1965 296 2005 v.
319 1945 395 2006 116:
423 1941 552 2024 primum
577 1948 718 2006 animalia
742 1954 814 2036 sunt
833 1949 893 2006 iam
915 1949 1026 2026 partim
1044 1949 1173 2021 tantula,
1198 1963 1298 2006 eorum

139 2053 235 2112 tertia
251 2071 317 2130 pars
333 2051 417 2110 nulla
432 2052 527 2129 possit
541 2051 659 2110 ratione
675 2053 778 2110 videri.
809 2045 874 2128 (Sic
892 2069 948 2130 pro
965 2067 1064 2110 eoram
1080 2047 1296 2123 Purmannus,

139 2149 208 2214 nisi
224 2149 311 2231 qnod
326 2147 457 2232 scripsit
472 2171 606 2234 quoram,
624 2172 654 2211 v.
671 2149 834 2232 Lachm.).
861 2171 891 2211 v.
906 2150 980 2214 ⁷60:
999 2158 1079 2213 certe
1095 2161 1130 2213 ut
1144 2156 1299 2214 videamur

140 2278 263 2318 cernere
285 2277 353 2316 eum
375 2273 458 2335 quern
479 2259 597 2316 reddita
613 2278 667 2335 pro
683 2259 746 2316 vita
761 2260 819 2318 iam
836 2279 915 2318 mors
931 2262 963 2316 et
977 2262 1058 2316 terra
1073 2259 1211 2336 potitust.
1243 2251 1298 2315 Sie

139 2355 224 2419 Itali
244 2361 278 2418 et
293 2355 455 2417 Marullus
476 2377 541 2418 cam
557 2377 640 2440 quem
656 2378 713 2440 pre
731 2378 795 2418 earu
811 2377 878 2440 qao.
905 2378 936 2418 v.
953 2357 1031 2418 862:
1048 2377 1125 2440 qaae
1140 2361 1212 2438 quia
1227 2364 1298 2420 sunt

142 2465 274 2524 exercita
297 2468 392 2536 motu,
416 2464 514 2524 multa
536 2473 590 2541 per
613 2485 645 2522 os
670 2465 856 2524 exhalantur.
897 2458 950 2522 Sic
975 2458 1112 2522 Lachm.
1139 2481 1170 2520 V.
1198 2462 1297 2524 1021:

142 2568 245 2640 multi,
260 2567 297 2625 de
313 2567 467 2625 montibus
482 2567 552 2626 altis
568 2564 670 2646 utqui
687 2569 887 2645 praecipitent
903 2567 941 2626 ad
955 2572 1066 2626 terram
1083 2587 1205 2645 corpore
1221 2571 1299 2639 toto,

144 2675 349 2730 exterrentur.
388 2663 577 2728 Quadratus
603 2672 636 2727 ct
661 2671 825 2728 corrector
850 2665 997 2748 oblongi,
1026 2664 1108 2728 item
1132 2664 1300 2730 Antonius

141 2765 354 2832 Florentinus
371 2774 405 2830 et
421 2766 498 2832 olim
513 2767 673 2852 impressi,
691 2777 734 2833 Ut
744 2775 828 2852 quasi
839 2775 1048 2852 praecipitent.
1075 2757 1300 2832 Wakefieldus

143 2881 234 2934 reete
258 2869 497 2954 probavitque.
536 2870 579 2947 V,
603 2872 621 2934 3
643 2894 711 2953 sq.:
738 2878 842 2954 quisve
866 2878 947 2936 valet
972 2877 1069 2934 verbis
1093 2881 1223 2948 tantum,
1247 2871 1301 2955 qui

144 2977 195 3057 (=
219 2975 269 3056 ut)
293 2981 404 3056 fingere
429 2979 532 3038 laudes
556 2999 610 3058 pro
634 2980 750 3038 meritis
774 2982 837 3038 eius
859 2981 963 3057 possit,
988 2973 1040 3058 qui
1059 2980 1134 3038 talia
1154 2979 1295 3038 nobis.-

144 3077 256 3160 liquit?
288 3076 475 3158 (Oblongus
491 3078 563 3160 qaia
586 3077 665 3140 lolio
686 3078 795 3158 leobio).
831 3101 862 3141 v.
889 3081 964 3142 lea:
991 3088 1116 3159 tangere
1140 3082 1221 3140 enim
1240 3102 1301 3140 non

144 3187 214 3264 quit
233 3181 313 3264 qaod
331 3186 417 3262 tangi
439 3205 501 3244 non
519 3186 592 3244 licet
608 3187 715 3264 ipsum.
748 3181 801 3244 Sic
818 3181 980 3244 Marullus
999 3201 1058 3263 pro
1074 3180 1154 3264 qaod
1167 3179 1205 3242 ri.
1238 3177 1298 3256 VI,

145 3285 225 3347 586:
244 3289 275 3348 in
291 3289 376 3366 Syria
391 3289 502 3348 Sidone
518 3288 600 3366 quod
615 3288 726 3348 accidit
742 3296 773 3348 et
787 3290 847 3348 fuit
855 3290 933 3365 Aegi
949 3289 980 3348 in
992 3289 1210 3367 Peloponneso,
1227 3305 1301 3366 quaa

144 3391 245 3452 exitus
260 3393 308 3450 hic
323 3391 433 3452 animai
449 3391 601 3451 disturbat
616 3387 713 3450 arbes.
747 3385 800 3449 sie
818 3385 982 3450 Aventius
998 3409 1055 3470 pro
1072 3409 1143 3470 quo.
1175 3408 1207 3450 v.
1227 3386 1298 3450 771:

144 3496 252 3568 multa,
269 3495 335 3554 cibo
351 3499 522 3574 quaesunt.
552 3489 605 3552 Sic
621 3495 710 3552 recte
727 3489 963 3567 Wakefieldur,
982 3495 1016 3554 et
1032 3489 1164 3572 quidem
1179 3487 1302 3572 primus

145 3592 252 3658 edidit
274 3615 333 3677 pro
356 3599 454 3658 multa
477 3598 544 3658 cibo
569 3618 644 3676 eque
669 3603 740 3657 sunt
764 3598 877 3657 vitalia.
913 3592 959 3658 eie
984 3614 1081 3656 versu
1102 3615 1132 3654 v.
1158 3594 1240 3656 1095
1260 3597 1303 3654 Et

145 3708 253 3762 contra
267 3718 344 3781 quae
359 3703 421 3760 sint
436 3703 541 3760 morbo
556 3702 708 3780 mortique
723 3705 873 3760 necessest
888 3702 986 3760 multa
999 3703 1110 3761 volare.
1133 3695 1300 3773 VI,1089:

145 3800 228 3886 qaod
248 3806 344 3882 magis
364 3805 396 3864 in
417 3806 516 3884 lapide
536 3809 593 3864 hoc
613 3805 676 3864 fieri
698 3806 836 3882 ferroque
858 3805 986 3864 videtur.
1027 3799 1092 3880 Quo
1114 3797 1209 3877 acopis
1225 3817 1302 3878 qua·

145 3902 273 3966 drutus.
304 3902 483 3968 Nonnullis
500 3903 581 3966 locis
599 3902 794 3966 correlatum
811 3903 859 3964 llo
875 3902 1024 3985 seqnitur
1039 3898 1303 3966 enunciationem

143 4004 331 4085 relativam,
355 4005 402 4070 sie
417 4005 485 4086 III,
501 4009 579 4072 441:
603 4012 715 4091 quippe
737 4013 850 4070 etenim
871 4030 977 4090 corpus
1002 4043 1032 4053 -
1060 4025 1148 4089 qaum
1164 4008 1303 4066 cohibere

145 4115 255 4192 nequit
281 4147 312 4156 —
337 4119 404 4174 aere
425 4117 476 4194 qui
499 4115 600 4174 credas
621 4135 707 4194 posse
727 4110 806 4172 harae
830 4115 997 4174 cohiberier
1020 4112 1103 4171 ullo?
1141 4104 1195 4168 Sic
1220 4104 1303 4168 bene

145 4212 311 4278 Marullus
331 4233 388 4295 pro
411 4236 486 4277 cum.
518 4199 579 4290 IV,
598 4215 676 4276 596:
699 4238 759 4276 non
780 4221 826 4276 ert
844 4219 1015 4277 mirandum
1035 4235 1094 4293 qua
1108 4215 1235 4284 ratione,
1251 4232 1305 4291 per

146 4318 215 4380 loca
238 4337 315 4400 quoa
333 4326 489 4399 nequeunt
509 4323 588 4380 oculi
608 4343 654 4380 res
676 4341 795 4380 cernere
815 4325 943 4398 apertas,
964 4317 1037 4379 laec
1057 4314 1125 4376 loca
1145 4339 1198 4397 per
1217 4337 1304 4377 voees

146 4425 273 4484 veniant
292 4425 430 4502 aurisque
453 4426 609 4484 lacessant.
640 4418 701 4494 VI,
720 4421 817 4482 1205:
841 4425 1020 4501 profluvium
1042 4441 1129 4498 porro
1146 4416 1198 4504 qui
1213 4420 1303 4478 taetri
1355 4505 1360 4516 ι
