3102 4988
574 424 615 466 nu
638 423 853 467 ruturomuus.
1231 410 1292 471 139

139 596 305 652 remaneret
326 629 356 636 —
378 598 456 656 unde
472 599 626 656 reconflari
642 619 745 657 sensus
761 619 814 676 per
829 600 962 658 membre
977 603 1101 678 repente
1110 602 1215 676 poscet
1237 634 1267 642 -
1277 597 1291 657 ’ἰ

140 693 226 775 (pro:
244 693 368 776 possit).
405 693 487 756 Cum
513 694 661 778 perfeeto
685 697 840 760 convenit
861 705 895 760 et
914 697 1098 781 perlectum
1119 703 1153 760 et
1176 697 1294 783 imper·

139 794 265 857 fectum
281 795 493 875 coniunctivi,
512 796 599 880 quod
615 807 790 882 utrumque
806 805 895 862 recte
912 799 982 862 fieri
996 821 1092 882 posse
1103 807 1219 863 notum
1230 808 1293 864 est.
1381 858 1383 862 .

140 921 170 960 v.
195 899 292 981 Synt.
313 898 411 982 prisc.
439 921 501 963 scr.
531 900 591 962 lat.
619 901 666 978 ll,
689 925 721 984 p.
741 905 792 965 89.
825 900 878 964 Sic
895 903 923 980 I,
942 904 1002 966 307
1020 925 1087 985 sq.:
1113 929 1210 986 neque
1236 929 1295 986 quo

140 1012 228 1085 pacto
238 1002 410 1082 persederit
430 1028 516 1067 umor
535 1011 623 1086 aquai
638 1004 776 1076 visumst,
798 1029 852 1068 neo
868 1031 985 1068 rursum
1001 1031 1061 1087 quo
1076 1006 1297 1090 pactoscperc‘t

139 1116 234 1169 aestu.
258 1104 307 1182 Il,
325 1105 386 1168 578
403 1127 451 1188 sq.
480 1105 603 1170 Contra
619 1107 679 1184 IV,
695 1109 777 1171 1274
788 1129 876 1189 sqq:
895 1113 986 1190 idque
1001 1135 1055 1172 sua
1070 1134 1158 1172 causa
1173 1130 1295 1171 cortece-

137 1214 212 1270 runt
236 1217 335 1271 scorta
356 1215 483 1286 moveri,
508 1232 545 1272 ne
570 1211 789 1289 complerentur
812 1216 915 1276 crebro
930 1218 1131 1294 gravidaeque
1147 1208 1294 1284 docerent,

138 1322 170 1375 et
186 1316 277 1375 simul
291 1317 357 1394 ipsa
372 1318 443 1374 viris
453 1319 555 1376 Venus
571 1325 606 1376 ut
622 1319 797 1377 concinnior
813 1319 898 1376 esset.
926 1313 1053 1378 Eodem
1068 1314 1165 1377 modo
1176 1313 1221 1376 ib.
1235 1316 1295 1377 191

138 1421 217 1499 post
234 1420 418 1476 consuerant
438 1422 527 1478 recte
548 1415 794 1501 anohmanno
816 1439 873 1498 pro
891 1418 1010 1497 possint
1030 1417 1225 1480 restitutum
1247 1424 1297 1480 est

137 1515 381 1600 imperfectum,
413 1543 489 1600 quae
521 1543 648 1600 cumque
678 1525 759 1583 inter
788 1545 819 1582 se
843 1526 968 1599 possent
1002 1545 1160 1602 congressa
1188 1545 1297 1584 creare.

137 1618 276 1682 Rectius
295 1618 380 1682 infra
401 1642 431 1682 v.
450 1623 512 1684 428
529 1621 688 1704 scriptum
705 1628 756 1683 est
765 1629 901 1702 poscent.
934 1623 976 1700 V,
996 1623 1055 1686 733
1073 1646 1160 1707 sqq:
1179 1629 1298 1700 resolvi,

137 1728 210 1787 solis
236 1729 283 1786 uti
311 1761 342 1770 -
373 1748 475 1786 cursus
504 1761 535 1769 —
565 1749 686 1788 noscere
707 1744 859 1804 possemne
880 1749 956 1807 quae
977 1731 1022 1790 vis
1043 1736 1074 1789 et
1093 1751 1182 1790 eausa
1197 1732 1298 1810 cieret,

138 1851 238 1908 quove
253 1831 344 1889 modo
354 1832 478 1905 possent
495 1833 603 1890 offecto
619 1833 733 1890 lumine
743 1831 834 1890 obire.
862 1827 966 1890 Codd.
985 1851 1082 1911 quove
1091 1835 1180 1893 modo
1191 1836 1299 1894 offecto

137 1937 255 1996 lumine
276 1935 368 1994 obire.
399 1930 437 1991 L.
463 1928 569 2008 „Itali
591 1937 624 1992 et
640 1930 818 1992 Marullus·
826 1929 1024 1994 addiderunt
1044 1934 1169 1995 calcant
1184 1955 1300 2016 parum

138 2035 316 2099 observata
336 2041 521 2096 structurae
543 2033 682 2096 ratione.
715 2029 820 2096 inulto
844 2033 966 2096 rectius
978 2042 1104 2115 possent
1120 2035 1300 2099 Brixiensis

139 2135 283 2202 editmf‘
314 2136 477 2200 Nonnulli
493 2136 558 2198 loci
574 2136 747 2199 offendunt
763 2137 936 2214 anomalia,
955 2138 983 2215 I,
1002 2141 1063 2201 356
1081 2162 1129 2221 sq.
1148 2138 1182 2201 in
1199 2160 1300 2202 enun-

138 2240 283 2306 ciatione
300 2238 531 2303 conditionali:
556 2246 638 2323 quod
658 2245 716 2304 nisi
737 2247 839 2303 inania
857 2241 932 2314 aiot,
955 2267 1015 2324 qua
1035 2251 1158 2323 possent
1178 2267 1302 2325 corpora

138 2371 278 2432 quaeque
297 2350 424 2407 transire
445 2349 526 2408 haud
546 2349 609 2407 ulla
627 2349 692 2406 fieri
706 2350 824 2407 ratione
839 2344 969 2416 viderer,
987 2343 1068 2406 itam
1084 2344 1112 2423 I,
1131 2348 1192 2408 592
1210 2367 1298 2427 sqq:

138 2477 210 2514 nam
232 2448 442 2531 si'primordia
461 2473 560 2511 rorum
582 2454 760 2511 commutari
782 2452 884 2530 aliqua
901 2453 1024 2526 possent
1046 2454 1162 2512 ratione
1171 2445 1302 2550 revicta,

139 2555 291 2618 idcertum
317 2576 437 2634 quoque
461 2557 521 2614 iam
545 2555 659 2612 constet
684 2555 758 2632 quid
783 2557 877 2633 possit
902 2557 971 2614 oriri
998 2589 1029 2596 -*
1055 2576 1110 2614 nec
1131 2587 1162 2596 -
1176 2555 1303 2632 possent

139 2662 224 2720 cett.
242 2655 285 2733 V,
299 2657 359 2719 276
371 2676 459 2737 sqq.:
478 2659 530 2736 qui
546 2659 604 2717 nisi
621 2664 726 2717 eontra
736 2679 860 2736 corpora
869 2653 1020 2716 retribuat
1030 2660 1119 2718 rebus
1129 2659 1302 2736 recreetque

138 2765 274 2837 fluentis,
285 2765 386 2822 omnia
395 2763 454 2823 iam
464 2756 719 2841 resolutasorcot.
738 2756 805 2835 III,
818 2759 950 2838 682sq.:
962 2763 1044 2820 haud
1054 2764 1098 2820 ita
1108 2756 1303 2818 conveniebat

139 2869 189 2926 uti
205 2888 274 2926 cum
290 2886 413 2944 corpore
424 2869 455 2924 et
464 2885 525 2923 una
534 2885 602 2922 oum
612 2865 754 2923 membris
764 2859 907 2921 videatur
921 2865 953 2922 in
963 2865 1029 2942 ipso
1039 2866 1185 2942 sanguine
1197 2883 1302 2921 cresse.

140 2965 242 3030 Addo
265 2986 365 3027 unum
384 2963 494 3026 locum
515 2961 672 3026 orationis
694 2960 858 3043 obliquae,
880 2961 942 3040 IV,
966 2965 1028 3026 822
1049 2985 1138 3044 sqq:
1164 2966 1247 3024 illud
1271 2966 1303 3024 in

139 3077 190 3134 his
213 3075 323 3132 vitium
346 3077 501 3131 vementer
524 3072 607 3130 rebu'
632 3076 782 3130 necessest
807 3071 937 3146 effugere
957 3104 989 3111 -
1014 3065 1131 3128 lamerici
1153 3089 1190 3128 ne
1212 3069 1303 3128 facias

141 3179 299 3238 oculorum
322 3177 401 3234 clara
421 3175 537 3243 crecta,
559 3174 785 3252 prospicerent
801 3190 966 3249 possemne.
1000 3167 1054 3232 Sic
1069 3167 1302 3230 Lachmaunus

140 3299 201 3361 pro
219 3275 384 3356 possimos,
411 3272 523 3335 dicens
544 3274 641 3335 haec:
667 3271 741 3350 „ita
761 3271 847 3334 enim
865 3292 992 3355 semper
1007 3270 1194 3348 Lucretius,
1216 3269 1303 3332 utin

141 3377 300 3464 proximis
315 3383 463 3441 Bracchia
477 3387 544 3440 tum
563 3401 651 3460 porro
667 3380 775 3438 validis
792 3400 827 3438 ex
842 3383 914 3458 apta
923 3379 1043 3438 lacertis
1053 3381 1128 3442 Esse
1137 3399 1303 3456 manusque

141 3489 239 3559 datas,
256 3488 299 3545 Ut
315 3489 411 3544 tacere
427 3485 580 3544 advitam
597 3500 750 3558 possennus
771 3503 847 3559 quae
867 3483 946 3541 foret
967 3504 1047 3558 usus,
1068 3476 1125 3540 ubi
1140 3476 1303 3540 Marullus

142 3571 456 3665 soloeceposcimco;
478 3589 512 3645 et
528 3587 584 3646 Nil
603 3587 671 3645 ideo
692 3587 835 3664 quoniam
856 3591 993 3644 natumst
1008 3586 1040 3642 in
1057 3605 1190 3663 corpore,
1206 3589 1242 3643 ut
1257 3585 1302 3642 uti

143 3696 312 3754 Possemus.
335 3685 393 3750 sed
408 3685 443 3748 in
458 3687 520 3748 hoo
538 3685 577 3748 de
595 3707 658 3766 quo
675 3683 785 3767 agitur
800 3705 897 3746 versu
913 3688 951 3745 ut
966 3682 1073 3765 priora
1088 3681 1303 3766 praeteritum

143 3798 292 3872 tempus,
323 3789 371 3851 ita
396 3811 478 3871 quae
504 3795 660 3850 secuntur
684 3807 838 3871 praesens
857 3787 1009 3867 possimos
1034 3784 1187 3866 exigunt,
1214 3794 1245 3848 et
1269 3795 1304 3848 ut

143 3900 278 3978 proferre
298 3899 356 3958 viai
372 3899 515 3957 Proeeros
537 3918 649 3975 passus,
670 3896 738 3955 ideo
759 3896 881 3971 fastigia
901 3914 987 3973 posse
1004 3897 1146 3952 Surarum
1166 3913 1199 3950 ao
1220 3893 1303 3951 femi·

144 4023 219 4062 num
235 4001 362 4080 pedibus
377 4003 505 4060 fundata
520 4001 635 4079 plicari,
653 4016 730 4076 ergo
747 3993 798 4056 his
818 3988 986 4076 proprium
1005 3992 1142 4054 verbum
1164 3988 1303 4053 attribu·

145 4099 267 4164 endum
283 4105 335 4162 est
349 4101 412 4162 hoe
429 4099 538 4177 modo,
557 4109 588 4163 et
603 4108 639 4163 ut
654 4095 1018 4181 proferre'QUEAMUS
1032 4083 1303 4177 Prooeros-passus.

145 4225 243 4266 versu
260 4225 290 4265 v.
309 4205 369 4267 877
387 4211 478 4266 Nune
494 4211 546 4286 qui
561 4211 614 4266 fiat
630 4209 675 4265 uti
692 4207 944 4284 passusproferre
960 4203 1133 4280 queamus.“
