3102 5000
486 441 760 487 nunneosmouns
785 442 852 486 cun
876 443 948 486 nen.
1255 423 1295 486 63
1326 425 1328 430 ’

141 615 237 673 ardor.
258 632 289 672 v.
303 612 384 674 637:
400 617 537 675 emundi
553 611 736 674 transversis
745 611 890 693 partibus
905 649 935 658 —
943 611 1054 695 flucre.
1076 611 1294 695 V1,312sq.:

140 713 290 796 confluere
310 735 346 776 cc
365 714 431 796 ipsc
451 723 579 799 possunt
599 720 749 778 elementa
769 719 898 798 vaporis,
921 721 952 777 et
971 719 1061 778 simul
1082 735 1119 776 ec
1138 714 1197 777 illc
1222 739 1298 798 quse

137 823 205 878 tum
214 839 261 880 res
271 823 383 900 excipit
395 825 500 883 ictum.
526 840 556 881 v.
570 820 670 884 1002:
688 824 779 882 fluere
790 842 825 880 ex
835 822 935 900 lupide
945 824 1012 881 hoc.
1028 817 1090 894 IV,
1103 820 1180 881 215:
1198 824 1298 900 imago

138 925 268 983 aetheris
285 941 321 982 ce
342 921 403 983 crin
417 927 450 984 in
464 930 612 984 terrerum
629 920 752 983 aecidat
768 945 842 984 ores.
873 919 915 998 V,
934 922 1011 982 609:
1030 919 1167 982 accidere
1183 942 1219 983 cc
1234 943 1297 982 unc

137 1020 276 1083 scintilla
301 1029 450 1088 incendia.
489 1023 552 1102 IV,
580 1025 657 1087 273:
684 1029 781 1086 multe
805 1029 938 1106 fecitque
961 1027 1034 1086 foris
1059 1044 1095 1083 ce
1115 1023 1241 1113 aedibus
1262 1032 1298 1087 ut

135 1129 306 1188 videantur.
323 1128 426 1190 nult
436 1147 452 1188 c
461 1126 592 1188 tenebris
602 1164 634 1172 —
646 1150 722 1209 quae
732 1134 803 1191 sunt
812 1131 843 1188 in
854 1130 921 1188 luce
930 1133 1061 1188 tuemur.
1077 1147 1109 1187 v·
1119 1127 1180 1189 348
1194 1132 1295 1190 eluce.

135 1248 168 1288 v.
187 1229 266 1290 374:
290 1229 441 1308 cccpicnc
456 1231 559 1292 cedem
575 1253 739 1312 nouusque
755 1236 866 1292 secute.
898 1227 960 1304 VI,
978 1231 1055 1291 344:
1078 1251 1147 1290 nem
1168 1234 1241 1292 feeit
1262 1238 1298 1293 ut

135 1353 214 1410 quae
238 1336 300 1394 sint
324 1336 406 1395 illius
431 1338 552 1396 seminis
578 1357 706 1414 cumque
732 1352 747 1393 c
770 1329 892 1410 cepione
916 1334 1016 1393 locum
1040 1336 1125 1413 quasi
1149 1337 1182 1394 in
1202 1357 1297 1395 unum

134 1443 247 1496 cuncte
261 1440 405 1498 ferentin.
422 1457 455 1498 v.
469 1438 545 1500 742:
564 1457 580 1496 c
594 1435 715 1516 cepione
731 1459 766 1498 ee
781 1437 863 1516 quod
878 1439 944 1496 loca
959 1457 1028 1495 cum
1041 1458 1150 1497 venere
1159 1439 1296 1498 volantes

134 1541 219 1598 cett.
245 1559 275 1600 v.
295 1540 376 1601 823:
392 1546 428 1601 ut
444 1545 533 1602 cedet
548 1559 564 1601 c
578 1537 699 1618 cepione
715 1542 781 1600 loci.
813 1559 844 1600 v.
863 1537 941 1599 833:
968 1541 1052 1600 euius
1071 1541 1157 1599 ubic
1176 1537 1297 1616 repicuc

133 1645 196 1702 loci
211 1666 327 1704 venere.
349 1641 410 1719 IV,
423 1643 501 1704 536=
519 1647 661 1704 detrahet
676 1661 712 1704 cc·
725 1679 758 1686 —
771 1639 873 1702 uernis
889 1663 923 1701 ee
937 1637 1054 1700 uiribus
1070 1638 1156 1719 ipsis.
1174 1661 1206 1702 v.
1220 1643 1292 1704 545:

133 1742 227 1804 tertie
251 1744 444 1832 conuallibus
463 1765 499 1806 cc
522 1749 680 1808 Heliconis
706 1780 738 1790 -
765 1748 883 1806 tollunt
906 1779 939 1790 —
959 1747 1134 1824 querellam.
1166 1765 1196 1804 v.
1216 1744 1292 1806 720:

131 1851 233 1908 exitus
252 1865 288 1906 cc
303 1845 399 1908 ocuh'c
414 1852 492 1910 liber
507 1853 605 1911 detur.
631 1870 662 1909 v.
681 1841 758 1910 928:
777 1850 892 1926 exigui
909 1869 996 1908 caeco
1012 1869 1200 1927 consurgere.
1231 1845 1292 1924 VI,

130 1949 212 2011 474:
232 1949 341 2010 eculeo
358 1969 535 2030 concerpere
549 1949 676 2012 momine
690 1955 788 2032 ponti.
804 1971 836 2011 u.
848 1949 910 2011 476
919 1970 926 2006 ε
936 1947 1048 2030 fluviis
1061 1969 1098 2009 cc
1107 1948 1293 2010 omnibus—

129 2071 257 2130 eucycre
285 2089 316 2097 -
345 2057 471 2116 nebulas
499 2089 531 2100 -
565 2057 712 2116 videmus.
752 2051 814 2128 VI,
840 2053 902 2114 499
932 2056 1030 2113 multe
1057 2056 1147 2114 simul
1175 2056 1294 2116 vincam

129 2175 311 2234 concerpere
331 2159 462 2218 nubibus
481 2161 554 2238 ipsis
575 2155 711 2218 omuibus
731 2175 767 2216 cc
788 2153 887 2216 rebus.
918 2175 950 2215 v.
970 2155 1048 2217 788:
1073 2159 1198 2232 scilicet,
1219 2161 1293 2219 haec

128 2262 201 2319 ideo
222 2256 313 2318 terrie
335 2279 370 2318 cc
391 2263 492 2320 omnic
507 2263 646 2339 serpunt.
678 2257 739 2335 IV,
758 2259 857 2320 1032:
876 2262 1061 2320 conveniunt
1081 2295 1113 2304 —
1134 2283 1290 2341 ecorpore

128 2365 272 2442 quodam.
312 2360 354 2436 V,
381 2363 457 2424 599:
489 2387 524 2425 ex
553 2366 634 2424 omni
663 2366 777 2423 mundo
806 2398 836 2406 -
867 2364 1061 2424 conveniunt.
1100 2358 1163 2437 IV,
1191 2363 1290 2426 1037:

129 2460 329 2524 Sollicitatur
343 2468 375 2525 id
392 2464 518 2527 enobie.
542 2462 596 2526 Sic
607 2463 744 2532 Luchm.
762 2483 821 2546 pre
836 2461 921 2524 nobis
934 2460 988 2523 vel
998 2461 1031 2522 in
1041 2461 1136 2526 nobie.
1157 2463 1199 2541 V,
1212 2467 1290 2528 162:

128 2569 296 2628 sollicitere
320 2573 381 2629 suis
405 2605 447 2614 -
472 2592 507 2630 ex
531 2571 661 2630 sedibus.
701 2565 762 2644 IV,
790 2567 889 2629 1040:
920 2585 956 2626 esc
983 2564 1102 2626 homine
1125 2572 1291 2631 humanum

129 2691 234 2731 semen
245 2673 305 2731 ciet
314 2693 375 2731 una
383 2675 514 2734 hominis
524 2675 578 2732 vis.
595 2691 627 2731 v.
640 2671 737 2732 1094:
757 2689 793 2730 ec
801 2673 932 2731 hominis
941 2693 1012 2731 vero
1017 2667 1111 2752 facie
1119 2670 1291 2753 pulcraque

128 2771 230 2831 colore
251 2777 296 2834 nil
320 2777 411 2835 detur
433 2778 465 2835 in
490 2796 599 2854 corpus
618 2780 739 2855 praeter
758 2776 917 2834 simulacra
937 2776 1107 2835 fruendum.
1139 2796 1171 2835 v.
1190 2775 1288 2836 1210:

127 2872 253 2935 mmet
277 2895 314 2936 cc
336 2873 448 2936 uicibu’
471 2879 614 2938 tendunt.
645 2897 676 2936 v.
696 2877 779 2938 1249
804 2893 840 2934 cc
864 2872 999 2956 alliaque
1019 2881 1192 2958 succipiunt
1213 2882 1290 2939 eliae

127 2981 249 3058 pondus
270 2983 375 3058 magis.
412 2975 454 3054 V,
473 2981 529 3041 112
556 2983 668 3060 quique
688 3001 742 3059 per
761 2984 857 3040 artem
871 2976 1021 3061 fluctibus
1043 2998 1059 3039 c
1078 2978 1176 3040 taulis
1194 2985 1290 3042 vitam

127 3078 287 3161 tenueque
308 3079 439 3141 tenebris
459 3085 573 3143 intem
593 3085 759 3162 tranquillo
783 3113 815 3126 -
842 3085 963 3142 locavit.
995 3103 1027 3143 v.
1046 3083 1101 3143 20:
1126 3080 1230 3164 (deus)
1253 3103 1290 3143 cc

127 3203 187 3265 quo
205 3207 286 3246 nunc
302 3188 393 3245 etium
408 3221 451 3229 —
466 3188 656 3266 permulcent
671 3188 785 3246 animos
801 3188 920 3246 solacia.
951 3204 982 3244 v.
1001 3185 1059 3246 49:
1077 3204 1113 3245 ec
1128 3183 1288 3267 animoque

127 3289 288 3367 expulerit.
311 3307 343 3347 v.
355 3287 435 3349 303:
454 3305 490 3346 cc
506 3285 569 3348 clio
586 3293 677 3367 atque
694 3285 757 3347 alio
775 3290 873 3348 lucem
888 3291 999 3349 iactare
1009 3286 1144 3348 evehente.
1167 3309 1198 3349 v.
1211 3289 1285 3350 322:

126 3393 202 3449 alias
218 3408 254 3449 cc
269 3409 301 3450 ce
315 3413 362 3451 res
377 3397 479 3470 euget.
499 3409 531 3450 v.
549 3389 627 3451 387:
647 3393 747 3452 omnia
761 3392 909 3451 diluviare
925 3409 961 3450 cc
976 3388 1040 3450 aiio
1052 3388 1175 3468 purpiie
1189 3396 1286 3473 ponti.

126 3511 158 3551 v.
172 3492 248 3552 5662
267 3490 375 3574 quibus
385 3491 521 3571 cupediis
530 3515 658 3573 cumque
667 3496 753 3572 ignes
763 3496 878 3554 lumina
887 3499 1014 3574 possunt
1023 3497 1150 3556 edicere.
1167 3515 1198 3556 v.
1212 3496 1285 3557 615:

126 3592 253 3654 aestiuis
263 3613 280 3654 c
290 3593 433 3673 paulibus
447 3631 478 3641 -
491 3598 582 3657 adest
594 3599 686 3657 flexus
697 3593 782 3675 (sol).
791 3615 832 3656 .v.
845 3595 922 3656 663:
941 3593 1046 3657 Idaeis
1060 3633 1090 3641 -
1107 3617 1123 3656 c
1138 3597 1287 3660 montibus

127 3694 204 3756 aliie
218 3733 260 3742 -
276 3699 402 3776 ignis-
417 3702 508 3759 cerni.
537 3719 569 3759 v.
581 3699 659 3759 929:
677 3721 732 3760 nec
748 3702 835 3760 facile
851 3717 887 3758 cc
902 3702 989 3760 acciu
1004 3697 1190 3782 uecfripcrc
1205 3705 1287 3782 quod

125 3807 293 3882 caperetur.
324 3821 356 3860 v.
374 3800 451 3861 949:
475 3799 582 3883 quibus
603 3820 619 3860 e
634 3804 752 3863 scibant
765 3805 873 3863 umori'
888 3806 1003 3864 fluenta
1018 3805 1134 3865 lubrice
1148 3807 1285 3886 proluvie

126 3906 209 3983 large
225 3907 324 3965 lavere
340 3907 444 3964 umida
458 3926 535 3966 sexa.
551 3904 697 3966 v.1133:
715 3908 838 3985 sepiunt
853 3902 955 3964 alieno
970 3923 1007 3964 cc
1022 3923 1082 3966 cre.
1104 3903 1165 3982 VI,
1177 3907 1234 3968 32:
1253 3915 1285 3970 et

126 4003 234 4086 quibus
249 4023 265 4065 c
273 4003 376 4084 portis
392 4010 508 4068 occurri
523 4010 632 4088 cuique
648 4011 777 4069 deceret.
803 4027 834 4068 v.
848 4008 926 4069 145:
945 4005 1050 4068 cnudi
1064 4011 1097 4069 in
1112 4011 1224 4070 nubem
1239 4011 1284 4069 vis

125 4111 235 4170 incidit
256 4112 373 4170 ardens.
404 4130 435 4170 v.
454 4111 531 4170 148:
556 4116 592 4171 ut
614 4113 718 4172 calidis
741 4114 871 4173 candens
887 4115 1000 4172 ferrum
1015 4129 1031 4170 c
1039 4108 1227 4194 fornacibus
1248 4143 1278 4156 -

125 4215 236 4273 stridit.
259 4232 291 4272 v.
306 4212 383 4274 273:
400 4220 432 4275 et
445 4217 544 4274 multa
553 4219 704 4275 necessest
713 4218 871 4296 concipere
881 4231 917 4274 cc
926 4217 997 4274 selis
1007 4209 1106 4272 radiis
1116 4212 1284 4294 ardoreque

125 4337 236 4376 eorum.
262 4335 294 4375 v.
312 4315 390 4376 304:
408 4319 468 4376 elia
483 4315 642 4398 (corpore)
660 4335 696 4375 cc
711 4314 777 4395 ipsc
793 4315 961 4377 conradens
976 4317 1044 4376 circ
1059 4322 1171 4396 portet,
1188 4313 1232 4376 cf.
1249 4337 1281 4377 v.

125 4419 202 4480 444:
221 4422 387 4481 conradens
397 4442 432 4480 ex
442 4426 519 4480 nire.
536 4439 567 4480 v.
580 4419 659 4480 346:
679 4438 715 4479 ec
723 4417 789 4498 ὁμο
798 4424 922 4482 veniens
932 4423 1035 4480 trahat
1050 4420 1119 4478 circ
1135 4422 1282 4500 quaedem
