3102 4988
256 343 317 403 152
623 357 836 402 soruorrvuu.
869 356 939 402 our.
960 356 1030 402 x111.

256 534 341 592 nobis
366 537 521 611 nequeunt
544 533 664 592 sentire.
698 551 729 593 v.
752 531 812 592 920
833 549 914 592 orror
933 535 965 592 et
985 549 1092 608 corpor
1112 527 1212 608 sopito
1232 533 1407 610 quiescunt.

256 632 298 710 V,
317 633 379 696 114
389 651 478 713 sqq.:
496 657 534 694 ne
550 637 626 695 forte
642 636 732 696 rearis
748 637 845 693 terroe
861 640 892 695 et
906 631 998 710 solem
1013 641 1044 694 et
1059 631 1187 703 coelom,
1205 651 1286 694 more
1300 630 1407 692 sidero

256 735 360 796 looom
379 772 411 780 -
431 738 539 797 debere
561 739 685 797 aeterno
706 753 834 798 manere.
865 756 896 796 v.
916 737 994 798 244:
1012 758 1080 798 oum
1095 739 1212 798 videam
1228 733 1354 808 444444
1371 758 1408 794 ao

249 835 354 917 portia
369 841 541 918 ooorompio
561 843 688 919 regigni.
722 861 753 902 v.
772 839 850 902 248:
874 843 955 920 quod
976 841 1086 900 terram
1106 845 1197 920 atque
1212 835 1309 917 19444
1326 856 1407 897 mor-

224 949 226 956 ’
256 939 336 1000 lolio
351 945 464 1022 sumpsi
480 964 551 1003 osse.
577 963 608 1002 v.
625 941 687 1004 324
701 962 767 1022 sq.:
786 947 810 1004 si
826 947 910 1006 nulla
925 947 984 1005 fuit
999 945 1140 1023 genitalis
1156 944 1239 1020 origo
1256 945 1409 1002 terrarum

256 1052 287 1106 et
308 1041 387 1104 coeli
406 1067 581 1125 semperque
602 1047 727 1104 oeteroo
748 1049 838 1108 fuere.
876 1065 908 1107 v.
932 1046 1010 1108 868:
1033 1067 1196 1126 pacemque
1216 1047 1330 1104 areola.
1363 1039 1406 1104 Ir.

191 1173 194 1180 ⁴
255 1143 335 1222 „Sic
352 1165 427 1208 vere
437 1143 617 1208 Lambinus
632 1167 689 1229 pro
706 1153 838 1219 4444144,
856 1145 943 1229 quod
959 1169 1018 1209 suo
1034 1167 1123 1210 more
1138 1151 1274 1208 tuentur
1287 1143 1409 1207 Wake-

256 1247 373 1310 fieldus
391 1253 424 1310 et
439 1247 634 1331 1141111941]ί
665 1248 725 1325 VI,
744 1251 820 1312 969:
843 1259 875 1322 at
894 1249 976 1312 corio
993 1260 1024 1314 et
1042 1269 1161 1312 cornero
1175 1253 1276 1312 mollit
1291 1249 1410 1310 dorato

257 1357 362 1414 colore.
388 1350 442 1414 Ad
457 1351 614 1414 remotius
631 1351 769 1414 duorum
785 1351 1068 1417 substantivorum
1082 1351 1223 1415 relat-um
1239 1356 1290 1413 est
1300 1371 1410 1433 genus

256 1452 410 1517 adieetlvi
426 1453 474 1532 II,
486 1457 547 1518 829
563 1477 652 1537 sqq.:
670 1464 705 1518 ut
720 1461 755 1518 fit
769 1461 822 1519 ubi
837 1462 869 1520 in
884 1481 989 1539 parvas
1005 1461 1098 1538 partis
1116 1459 1297 1537 discerpitur
1311 1473 1410 1516 aurea

250 1577 406 1638 4444444,
424 1563 924 1641 poeniceusqueoolorclarissimu’
940 1565 1047 1637 multo,
1062 1563 1170 1622 filatim
1180 1583 1247 1621 oum
1257 1556 1411 1636 4144444414

257 1669 311 1738 est,
333 1664 516 1743 dispergitur
536 1666 641 1726 omnis.
672 1660 715 1726 H.
738 1661 761 1723 l.
783 1660 885 1744 igitur
898 1683 990 1742 poco.
1014 1661 1071 1725 ool.
1094 1666 1172 1726 sunt
1192 1661 1238 1728 διὰ
1257 1663 1352 1744 μέσου.
1375 1681 1408 1722 v.

256 1762 393 1826 Lachm.

341 1865 453 1928 Genus
478 1871 630 1930 nentrum
654 1865 824 1944 adieetivi,
856 1872 891 1929 et
919 1865 953 1929 in
978 1864 1136 1950 singulari
1160 1873 1194 1930 et
1216 1865 1249 1930 in
1275 1865 1408 1950 plurali,

256 1990 352 2052 saepe
380 1969 514 2053 ponitur
541 1992 598 2054 pro
630 1955 838 2034 substantivo
864 1969 1043 2034 abstraoto.
1084 1970 1137 2034 Sie
1161 1978 1290 2055 praeter
1314 1969 1410 2032 44444

256 2071 376 2135 dieitur
401 2094 484 2134 4444
508 2073 650 2152 (414414)
675 2072 703 2150 Ι,
723 2076 820 2137 1001:
847 2055 930 2136 44444
954 2079 1076 2156 quidem
1100 2099 1170 2138 vero
1194 2079 1239 2137 nil
1258 2083 1305 2136 est
1326 2078 1409 2155 quod

256 2182 350 2240 finiat.
381 2197 413 2238 v·
432 2178 515 2240 1094
531 2201 584 2258 per
599 2197 695 2248 ornae,
712 2175 792 2240 item
808 2176 855 2254 II,
874 2178 947 2240 547.
968 2175 1075 2240 1049(
1093 2175 1134 2254 V,
1153 2178 1231 2240 530:
1248 2182 1408 2260 disponere

256 2304 367 2357 causae,
383 2284 515 2343 motibus
531 2289 679 2342 astrorum
694 2303 770 2362 quae
786 2285 902 2366 possint
917 2305 980 2344 osse
994 2305 1047 2362 per
1057 2301 1151 2343 omae.
1178 2279 1232 2345 Sic
1243 2285 1409 2342 corrector

160 2387 162 2392 '
256 2381 407 2465 quadrati
424 2387 457 2444 et
473 2381 634 2445 Marullus
649 2403 707 2465 pro
717 2403 776 2462 per
792 2404 915 2446 444444.
940 2382 969 2461 Ι,
987 2385 1064 2446 257:
1082 2390 1153 2449 hino
1169 2390 1262 2448 fessae
1278 2388 1407 2465 pecudes

249 2485 363 2566 piopoe'
385 2511 437 2569 per
458 2491 569 2568 pabula
590 2490 669 2574 laeta
688 2509 812 2569 eorpora
827 2491 993 2570 deponunt.
1023 2485 1072 2563 II,
1090 2489 1166 2550 893:
1185 2512 1246 2552 non
1262 2511 1296 2550 ex
1312 2491 1407 2550 omni-

255 2595 311 2653 bus
341 2627 369 2635 -
400 2588 510 2652 sensile
534 2599 565 2654 et
589 2595 739 2673 extemplo
763 2615 811 2655 me
835 2596 921 2672 gigni
951 2595 1048 2653 dieere
1078 2615 1180 2674 sensus
1212 2587 1406 2674 (quadratus

255 2691 406 2774 oonsilio).
444 2691 511 2768 III,
538 2694 614 2755 800:
642 2693 767 2754 mortale
791 2698 912 2756 oeteroo
935 2699 1059 2776 iungere
1085 2692 1142 2776 (sio
1162 2691 1325 2756 Marullus
1350 2713 1405 2774 pro

211 2843 214 2852 .
256 2795 434 2878 mortalem).
460 2795 522 2873 VI,
535 2798 612 2860 817:
631 2801 806 2880 expiratque
821 2803 898 2859 foras
914 2801 945 2860 in
961 2801 1097 2876 operiam
1113 2806 1312 2879 promptaque
1322 2799 1405 2858 oaeli.

257 2898 312 2960 Ita
328 2898 505 2980 quadratus
523 2905 557 2961 et
572 2899 727 2964 schedae:
750 2899 912 2980 oblongus
930 2905 963 2961 et
980 2897 1058 2960 olim
1073 2897 1222 2982 impressi
1237 2898 1270 2960 io
1286 2903 1404 2978 operto,

259 3000 425 3064 Antonius
441 3001 539 3064 Marii
554 3002 587 3064 io
603 3007 777 3086 opertoque.
803 3024 835 3064 v.
849 3004 931 3066 1164
947 3006 1078 3084 eorporis
1093 3007 1261 3064 14444444.
1293 3000 1406 3064 Plura-

259 3103 298 3166 lis
323 3103 356 3165 in
380 3103 447 3166 his:
474 3104 521 3182 II,
539 3107 617 3169 313:
645 3110 741 3170 omnis
766 3109 847 3168 enim
870 3111 960 3186 longe
985 3109 1094 3168 nostris
1115 3109 1153 3168 ab
1173 3110 1307 3168 sensibus
1331 3110 1407 3168 infra

251 3207 419 3288 primorem
447 3219 555 3272 natura
577 3214 664 3272 iaoet.
704 3231 735 3270 v.
762 3209 825 3272 342
849 3229 899 3290 sq.
924 3213 1103 3274 Parturiunt
1125 3232 1219 3289 genus
1242 3214 1407 3271 humanum

258 3321 419 3392 mutaeque
439 3319 578 3376 natantes
597 3311 814 3396 rqoooeiperoro
837 3315 979 3393 peeudes;
1004 3309 1037 3373 in
1063 3308 1181 3392 quibus
1204 3331 1319 3393 parum
1344 3309 1407 3372 ele-

258 3419 377 3496 ganter
392 3413 520 3477 Nonius
538 3414 760 3498 Sqooroa'peroe,
781 3437 812 3476 v.
830 3413 966 3476 Laohm.
989 3435 1020 3475 v.
1039 3417 1116 3477 918:
1140 3419 1238 3496 adque
1258 3411 1406 3476 ooimobe'a

258 3523 320 3580 sint
343 3523 521 3582 mortalibus
545 3543 605 3582 una
628 3525 801 3601 eademque,
826 3518 859 3580 h.
882 3538 910 3582 e.
937 3522 972 3579 et
996 3537 1070 3578 oum
1088 3537 1140 3578 res
1160 3515 1323 3580 animatae
1345 3536 1408 3578 non

260 3619 413 3684 differant
443 3642 461 3682 a
491 3620 697 3684 mortalibus
738 3619 799 3698 VI,
827 3622 903 3683 698:
935 3630 966 3683 et
995 3629 1152 3702 penetrare
1175 3625 1264 3684 maris
1288 3625 1408 3702 penitus

255 3729 397 3805 perrocio
412 3729 445 3788 in
460 3731 607 3808 apertum.
632 3723 832 3791 SioLaehm.
844 3746 902 3807 pro
913 3728 987 3788 mari
1001 3729 1121 3806 penitus
1136 3749 1182 3788 rea
1198 3728 1281 3805 cogit
1295 3731 1407 3806 aperto.

737 4051 941 4070 -ΓιΛΛΛΛΛΛΛΛΛ
