3102 5000
246 410 306 471 102
655 427 808 470 suenrus.
842 427 914 470 ore.
932 426 978 470 ru.
1011 459 1014 464 ,

246 615 359 657 omnes
375 593 411 680 ii,
427 593 546 678 quibus
562 616 652 676 saper
668 616 729 657 cecc
745 594 920 658 invenitur.
948 595 1033 657 Sunt
1048 603 1158 658 autem
1174 595 1257 658 hice.
1284 595 1312 672 I,
1324 597 1400 658 921.

245 697 389 775 11,183:
410 723 491 762 nunc
510 703 542 760 id
564 703 646 780 quod
665 717 755 778 super
776 704 820 760 eu
841 703 878 761 de
894 703 1026 763 motibus
1043 704 1244 783 expediemus.
1274 721 1306 761 v.
1325 699 1400 762 046.

245 799 313 878 III,
331 801 410 864 8⁷8:
437 825 500 864 esse
529 837 559 846 ·-
590 826 687 884 super.
718 823 750 863 v.
768 803 844 865 90οε
871 807 937 864 aevi
958 806 1039 884 quod
1061 823 1151 882 cuper
1173 807 1227 864 eet.
1259 800 1302 878 V,
1321 802 1400 863 206:

246 908 427 986 quodeapcr
437 907 562 966 calami.
583 901 646 981 VI,
658 904 735 967 979:
753 910 822 966 Hoc
837 908 929 967 etiam
944 925 1035 984 super
1045 909 1099 967 eet.
1123 902 1401 986 Frequentissima

245 1011 356 1068 autem
372 1009 425 1066 est
439 1004 526 1087 apud
541 1004 732 1069 Lucretium
747 1003 889 1067 formula
907 1005 986 1090 quod
1006 1027 1096 1086 cuper
1118 1011 1162 1068 eat
1176 1005 1224 1068 ita
1239 1003 1402 1082 adhibita,

246 1113 285 1170 ut
293 1107 335 1170 ad
344 1112 450 1170 totam
460 1127 528 1170 rem
539 1106 607 1170 sive
618 1107 815 1170 sententiam
827 1113 967 1190 spectet,
986 1129 1067 1190 quae
1084 1107 1190 1171 adhuc
1207 1107 1404 1192 explicanda

247 1217 310 1274 est.
336 1209 593 1292 Nonnumquam
609 1231 646 1273 ea
661 1209 816 1273 inseritur
832 1209 982 1288 orationi,
1000 1210 1047 1274 sio
1063 1210 1111 1290 ΙΙ,
1128 1212 1180 1274 39.
1198 1214 1272 1275 491.
1291 1211 1334 1288 V,
1347 1214 1402 1274 64.

247 1310 308 1390 VI,
333 1314 427 1388 1000,
456 1311 646 1394 plerumque
674 1316 785 1374 tamen
810 1305 904 1374 initio
931 1310 1086 1374 orationis
1110 1312 1260 1394 ponitur,
1292 1311 1404 1374 ethis

248 1413 380 1496 quidem
402 1412 499 1475 locis:
535 1411 564 1490 I,
582 1416 637 1476 0οε
660 1413 740 1496 quod
757 1435 847 1492 caym
866 1419 910 1474 cet
937 1451 968 1458 -
994 1419 1113 1477 adhibe.
1144 1413 1211 1493 III,
1234 1417 1307 1477 300.
1339 1413 1403 1493 IV,

249 1520 320 1580 190.
341 1503 526 1580 7681283.
559 1515 601 1592 V,
618 1518 670 1578 91.
690 1517 762 1578 261.
782 1516 854 1579 772.
874 1517 968 1578 1241.
1002 1515 1063 1594 VI,
1082 1519 1155 1580 219.
1172 1519 1246 1580 423.
1264 1520 1338 1580 906.

332 1617 535 1702 Praepositio
552 1617 639 1701 apud
648 1617 840 1680 Lucretium
855 1638 983 1701 semper
1000 1618 1107 1680 locum
1124 1619 1288 1701 exprimit.
1316 1619 1404 1682 Cum

248 1721 392 1786 ablativo
416 1719 591 1784 coniuncta
610 1719 770 1804 reperitur
790 1719 871 1782 loeis
892 1719 997 1783 hisce:
1035 1720 1077 1798 V,
1099 1723 1177 1784 951:
1202 1728 1304 1787 umida
1323 1748 1404 1801 saxa,

247 1845 336 1905 super
351 1822 445 1884 circui
460 1827 610 1886 stillantia
628 1843 738 1884 raresco.
771 1845 801 1884 v.
821 1823 919 1886 120οι
942 1843 1032 1903 caper
1046 1822 1205 1906 eretusque
1219 1823 1405 1887 micantibus

247 1933 370 1991 aethera
383 1932 483 1990 fixum.
515 1925 575 2003 VI,
594 1929 654 1990 010
671 1947 720 2008 sq.
744 1931 829 2008 quasi
850 1925 916 2004 ipre
937 1949 1003 1989 cera
1023 1907 1231 2006 ecpc'caliclc
1247 1932 1405 1992 tabescens

247 2037 345 2096 multa
367 2035 522 2112 liquescat.
562 2051 593 2092 v.
621 2031 704 2092 1206
729 2051 801 2111 sqq.
828 2034 971 2093 exanimis
989 2030 1097 2110 pueris
1120 2051 1209 2110 super
1234 2036 1406 2096 exanimata

248 2143 407 2218 parentum
423 2157 547 2216 corpora
563 2157 622 2196 non
639 2157 803 2215 numquam
819 2157 920 2215 posses
935 2142 1076 2215 retroque
1091 2139 1193 2198 videre
1208 2134 1355 2198 matribus
1372 2144 1404 2198 et

243 2236 386 2318 patribus
401 2245 488 2299 natos
504 2257 593 2316 caper·
609 2241 696 2299 edere
711 2241 814 2298 vitam.
840 2235 924 2297 Cum
934 2235 1138 2300 accusativo:
1162 2235 1205 2314 V,
1218 2240 1295 2301 271:
1313 2259 1405 2318 saper

248 2347 346 2402 terrac
361 2344 438 2402 fluit.
472 2337 531 2415 VI,
550 2339 609 2402 637
627 2343 698 2402 inde
712 2358 802 2418 saper
818 2345 916 2400 terrac
931 2345 1020 2403 redit.
1046 2340 1088 2417 V,
1107 2342 1167 2404 001
1185 2346 1404 2422 liquidissimus

246 2449 351 2506 aether
370 2451 462 2524 atque
484 2444 651 2504 levissimus
672 2440 772 2502 aec-iae
792 2459 882 2522 caspar
902 2447 1004 2505 infinit
1019 2463 1123 2504 curce.
1156 2465 1188 2506 v.
1206 2445 1285 2506 99οι
1303 2454 1404 2528 poste·

246 2552 308 2610 rius
322 2550 466 2608 tremulas
487 2541 581 2623 cuper
592 2543 694 2604 ulcera
717 2548 798 2604 tetro
812 2553 951 2608 tenentes
968 2550 1080 2627 palmas
1096 2552 1249 2610 horriferis
1264 2552 1405 2611 accibant

247 2653 370 2714 vocibus
394 2655 514 2710 Orcum.
545 2647 649 2708 ulcero
676 2644 757 2707 Itali
782 2651 816 2710 et
839 2645 989 2729 impressi
1010 2669 1069 2731 pro
1090 2647 1217 2710 oicmct.
1251 2672 1283 2712 v.
1301 2650 1403 2713 1227:

248 2771 338 2834 super
354 2771 485 2834 aequora
500 2754 603 2812 verrit.
634 2748 695 2825 VI,
714 2751 791 2812 18οι
809 2756 953 2812 extructis
969 2756 1035 2814 aliis
1052 2750 1133 2814 allae
1148 2773 1251 2831 super.

210 2907 213 2911 .
334 2853 443 2918 800000·
467 2850 655 2915 adverbium
681 2857 733 2914 est
757 2850 839 2914 loeis
863 2851 965 2916 hisce.
997 2852 1026 2931 Ι,
1048 2856 1110 2916 812
1132 2853 1233 2916 subter
1250 2863 1405 2919 tenuatur.

248 2958 297 3035 Π,
315 2958 413 3021 10490
437 2964 468 3017 00
487 2959 581 3018 latere
601 2977 636 3016 ex
658 2962 787 3034 utroque
802 2973 895 3033 aspra
910 2959 1071 3037 supterque
1088 2979 1140 3037 per
1155 2979 1244 3020 omne
1259 2961 1344 3020 nulla
1359 2965 1407 3022 est

252 3065 329 3137 finis,
351 3057 440 3139 adq.
458 3056 480 3118 l.
504 3055 633 3119 confert
648 3055 879 3120 Lachmannus
896 3055 918 3118 l.
937 3055 998 3134 VI,
1017 3059 1094 3120 537:
1117 3068 1149 3122 00
1168 3064 1200 3122 in
1222 3065 1325 3143 primis
1346 3069 1408 3124 ter·

250 3189 313 3227 ram
329 3169 375 3225 fac
391 3170 427 3223 ut
442 3183 505 3223 esse
520 3164 610 3223 rearis
626 3163 818 3238 caprariam
834 3167 869 3221 ut
879 3180 988 3240 supera
998 3166 1131 3224 ventosis
1141 3167 1275 3244 undique
1285 3168 1407 3245 plenam

250 3270 411 3350 speluncis.
442 3260 643 3346 (Quadratus
667 3260 782 3340 subter)
806 3267 840 3324 et
860 3260 903 3338 V,
925 3264 1003 3326 512:
1030 3269 1107 3328 Inde
1131 3269 1223 3328 alium
1247 3287 1340 3346 capra
1370 3301 1403 3312 -

251 3378 305 3433 aut
328 3373 421 3431 alium
444 3370 558 3445 crcptcr.
587 3403 617 3412 --
658 3363 719 3440 IV,
743 3365 794 3428 78.
821 3387 850 3426 v.
874 3367 935 3428 447
962 3371 1084 3430 subdita
1107 3372 1221 3446 supter.
1260 3366 1302 3445 V,
1325 3369 1405 3431 268:

251 3476 354 3553 sciptor
374 3494 427 3553 per
445 3477 548 3532 terras.
579 3489 610 3530 v.
629 3469 690 3532 086
711 3477 815 3550 supter
836 3473 954 3532 habere.
992 3467 1045 3531 Sic
1065 3467 1203 3533 Lachm.
1224 3491 1283 3553 pro
1303 3491 1406 3551 srqrer.

251 3572 415 3637 Marullus
430 3570 541 3634 subter.
572 3593 603 3632 v.
623 3572 716 3633 1364.
743 3569 805 3647 VI,
824 3572 884 3633 040
900 3576 1013 3636 subter.
1038 3593 1069 3634 v.
1088 3573 1165 3636 857:
1184 3577 1236 3654 qui
1252 3581 1344 3655 queat
1358 3579 1409 3636 bic

252 3681 356 3757 supter
377 3685 440 3738 tam
463 3699 559 3738 crasso
579 3698 702 3757 corpore
722 3683 833 3738 terram
854 3698 1069 3756 perquoquere.
1101 3673 1155 3736 Sic
1171 3674 1333 3738 Marullus
1348 3696 1408 3757 pro

252 3800 352 3860 seper.
384 3799 416 3840 v.
434 3780 497 3841 914
515 3785 628 3859 supter.
660 3774 864 3859 Praepositio
881 3796 956 3838 cum
972 3776 1038 3838 abl.
1054 3775 1232 3840 'coniuncta
1247 3777 1409 3860 reperitur

254 3882 297 3960 V,
315 3884 399 3945 1324
415 3902 464 3962 aq.
488 3889 519 3943 et
540 3885 635 3944 latera
654 3903 688 3942 ac
707 3889 827 3942 ventres
849 3883 1012 3944 hauribant
1026 3885 1131 3960 scater
1146 3903 1292 3962 equorum
1307 3880 1408 3943 corni·

254 3985 318 4064 bus,
345 4005 419 4046 cnm
443 4004 511 4046 acc.
537 3983 565 4059 I,
585 3986 618 4046 2:
645 3987 720 4046 caeli
739 3982 841 4044 subter
863 3980 1000 4044 atentia
1021 3981 1109 4061 079οα
1129 4007 1205 4065 quae
1225 4007 1305 4046 marc
1326 3989 1409 4046 navi·

254 4113 358 4171 gerum
384 4125 415 4134 -
441 4091 640 4151 concelebras.
672 4083 733 4161 VI,
752 4085 812 4148 697
836 4089 1015 4167 perveniunt
1031 4084 1265 4170 aablmfuucee.
1297 4108 1329 4148 v.
1347 4087 1408 4150 780

255 4173 415 4277 siquisccc
430 4196 533 4270 supter
549 4197 613 4252 etc.
646 4211 678 4251 v.
696 4189 755 4252 851
773 4198 878 4272 supter
892 4197 995 4251 terras.
