3102 5002
262 411 303 473 32
667 423 839 469 55555555.
866 423 1016 494 51551.

224 625 231 635 ·
263 597 386 659 tandem
407 633 438 642 -
459 599 662 658 succumbere.
678 587 762 670 'HL
782 595 858 656 783:
882 619 979 676 neque
1000 600 1080 656 inter
1101 619 1131 657 se
1153 599 1341 657 contendant
1356 600 1427 657 viri·
1462 665 1466 674 ¹

261 705 318 762 bus
327 698 432 760 hilam.
454 721 486 760 v¹
499 700 579 762 830:
598 702 653 760 Nil
662 702 757 778 igitur
772 721 852 760 mors
869 707 915 759 est
930 701 967 759 ad
983 721 1037 760 nos
1054 721 1151 778 neque
1167 703 1301 779 pertinet
1316 697 1425 758 252555.
1464 697 1468 704 ’

263 825 295 865 v.
314 803 392 864 867:
411 827 508 883 neque
524 799 621 861 tilam
637 805 764 862 differre.
798 797 861 874 IV,
880 800 958 863 379:
976 804 1042 862 Nec
1058 811 1160 862 tamen
1176 805 1226 862 hic
1242 805 1344 863 oculos
1361 804 1427 862 falli

263 910 454 969 concedimus
468 903 574 964 bilem.
598 924 630 963 v.
643 905 720 965 515:
739 909 764 964 si
779 941 810 948 —
826 907 977 964 claudicat
991 901 1099 963 tilam.
1117 925 1148 963 v.
1164 904 1262 964 1268:
1281 927 1335 966 nec
1351 907 1428 965 mol·

262 1017 305 1073 les
330 1014 399 1092 opu’
425 1017 496 1070 sunt
520 1017 621 1068 motus
646 1011 789 1068 uxoribus
812 1005 919 1066 551555.
957 1004 1018 1081 VI,
1046 1007 1106 1068 576
1131 1011 1276 1068 vacillant
1305 1043 1336 1051 -
1366 1011 1428 1068 ima

259 1112 423 1192 pertitam.
460 1106 588 1170 Deinde
614 1113 675 1168 1555
701 1114 735 1168 56
760 1129 859 1191 qaam.
901 1106 968 1183 111,
993 1111 1028 1170 1:
1056 1114 1117 1169 155
1142 1114 1255 1172 clarum
1281 1113 1426 1172 extollere
1532 1094 1533 1099 ἵ

262 1219 374 1277 lumen.
412 1235 442 1274 r.
469 1213 509 1274 36
536 1217 597 1272 ram
621 1216 789 1274 manifesta.
829 1233 861 1271 v.
886 1213 963 1273 695:
990 1216 1053 1272 tom
1077 1216 1235 1272 5555155155
1259 1236 1328 1274 cum
1353 1217 1424 1274 sint.

262 1316 325 1393 IV,
344 1317 443 1379 1245:
462 1325 591 1377 autnon
608 1319 669 1375 tam
686 1319 803 1396 prolixo
819 1319 959 1396 provolat
974 1319 1047 1376 ictu.
1080 1312 1122 1391 V,
1140 1316 1199 1376 12:
1218 1320 1250 1376 in
1267 1321 1329 1376 1555
1343 1325 1425 1376 tran·

263 1425 359 1502 quillc
385 1429 417 1480 et
437 1423 499 1478 1555
521 1423 600 1480 clara
622 1423 687 1479 luce
710 1421 831 1479 locavit.
863 1439 895 1478 v.
918 1419 997 1479 902:
1022 1423 1152 1499 denique
1167 1423 1288 1480 flamma
1303 1421 1424 1500 quidem

265 1547 332 1584 cum
350 1545 474 1603 corpora
489 1526 572 1583 fulva
587 1525 709 1582 leonum
726 1525 787 1580 1555
803 1524 899 1582 soleat
914 1529 1037 1582 torrere.
1065 1519 1130 1581 Iam
1146 1521 1244 1582 relect
1259 1519 1424 1600 oblongus

264 1630 298 1687 et
318 1623 397 1686 clim
417 1622 579 1706 impressi,
601 1620 731 1684 vitiose.
770 1621 966 1704 1,343sq.:
995 1647 1055 1684 non
1076 1628 1137 1712 1555
1163 1661 1196 1668 -
1221 1644 1320 1706 qaam,
1344 1621 1426 1684 item

265 1727 325 1803 Vl,
351 1728 412 1789 116
436 1748 484 1808 sq.
512 1725 578 1802 III,
599 1727 676 1788 764:
701 1751 755 1788 nec
776 1731 838 1786 tom
858 1731 966 1788 doctus
988 1750 1082 1807 equae
1102 1730 1203 1807 pullus
1225 1747 1315 1809 quom
1338 1729 1424 1788 lortis

228 1837 234 1848 ¹
263 1837 332 1912 equi
354 1835 419 1895 vis?
453 1829 512 1905 VI,
535 1830 597 1891 162
620 1850 686 1909 sq.:
714 1853 811 1910 neque
836 1833 897 1889 tom
925 1833 1075 1891 condenso
1102 1853 1225 1911 corpore
1245 1833 1341 1891 nubes
1363 1852 1425 1891 esse
1528 1868 1529 1871 =

264 1942 382 2015 queunt
398 1954 487 2015 quam
502 1942 575 1995 sunt
590 1935 714 2014 lapides.
746 1953 777 1992 v.
796 1933 873 1995 104:
893 1937 955 1991 1555
970 1942 1077 1994 tenues
1093 1954 1181 2014 qnam
1197 1941 1269 1994 sunt
1285 1936 1423 1994 nebulae.

265 2035 374 2096 Etiam
391 2033 484 2096 nullo
507 2033 681 2098 interiecto
701 2034 864 2096 vocabulo
882 2032 1196 2116 (115165515555555,
1219 2035 1306 2114 quod
1324 2033 1424 2116 vulgo

264 2137 466 2200 coniunctim
493 2135 657 2200 scribitur.
691 2136 835 2214 815111,
858 2139 931 2200 916.
956 2139 1051 2198 1656.
1077 2135 1139 2213 IV,
1164 2139 1237 2199 263.
1264 2135 1325 2213 VI,
1348 2138 1422 2199 126.

262 2243 337 2304 433.
364 2242 437 2304 975.
464 2227 563 2302 1245.
601 2239 817 2302 Memorabile
847 2246 909 2316 est,
942 2238 1031 2320 quod
1061 2260 1253 2322 praegresso
1283 2261 1341 2322 qno
1370 2239 1423 2300 vel

263 2350 377 2427 555515
392 2343 489 2422 maycr
504 2342 683 2426 respondet
699 2350 761 2404 tam
776 2343 884 2422 555515,
903 2363 1067 2422 nunquam
1085 2348 1195 2404 autem
1206 2340 1423 2404 (1556155515-

262 2446 329 2508 tius
355 2469 443 2528 quom
467 2445 563 2524 555955
587 2451 649 2506 lonc
673 2445 780 2524 555955,
808 2443 896 2526 quod
921 2442 1035 2506 docuit
1055 2443 1192 2506 Lachm.
1216 2443 1257 2506 ad
1277 2443 1326 2521 11,
1349 2446 1422 2506 536.

264 2549 317 2610 815
334 2547 362 2625 I,
381 2551 441 2610 536
460 2569 526 2628 sq.:
549 2559 581 2610 et
601 2570 658 2632 qao
680 2573 817 2630 quaeque
837 2547 932 2626 555955
949 2552 1070 2610 cohibet
1085 2571 1131 2609 res
1146 2553 1230 2610 intus
1246 2553 1346 2623 inane,
1363 2552 1424 2607 tam

263 2651 359 2729 mepte
374 2658 421 2713 his
436 2657 525 2713 rebus
541 2658 662 2732 penitus
678 2661 830 2733 temptata
849 2655 984 2713 labascit.
1016 2648 1076 2726 IV,
1096 2652 1178 2712 1666
1195 2675 1254 2732 quo
1270 2655 1367 2730 magis
1387 2687 1418 2694 -

262 2765 324 2817 tam
341 2759 445 2835 magis.
471 2775 502 2814 v.
522 2755 561 2816 81
579 2775 627 2834 sq.
638 2765 777 2836 :ouante
793 2791 824 2800 —
839 2779 973 2834 mage—
987 2763 1051 2816 tam
1066 2759 1171 2834 magis,
1197 2751 1258 2828 IV,
1276 2755 1337 2815 256
1349 2773 1421 2834 sqq.

263 2863 376 2940 poento
395 2857 468 2936 plor
489 2863 564 2919 aeris
592 2894 623 2902 —
650 2863 711 2917 1555
732 2895 763 2902 —
783 2856 889 2936 555515.
922 2856 983 2933 VI,
1006 2858 1081 2919 101:
1104 2861 1158 2920 nbi
1179 2879 1307 2938 cumque
1328 2855 1424 2934 555915

263 2967 355 3022 denso
376 2969 447 3022 sunt
469 2965 589 3040 agmine
610 2965 714 3036 nubet,
737 2965 798 3020 1555
813 2959 910 3039 mepte
924 2965 996 3023 hinc
1011 2983 1122 3040 magno
1138 2964 1277 3022 fremitus
1292 2964 1327 3020 fit
1343 2983 1423 3020 mur-

263 3088 347 3126 mure
363 3084 468 3145 sacpe.·
482 3099 513 3108 —
538 3061 635 3140 Quom
650 3060 790 3143 primum
806 3061 940 3145 ponitur
959 3066 1035 3123 ante
1058 3059 1232 3138 adiectirn,
1254 3059 1421 3137 adverbia,

262 3165 377 3241 verba,
406 3163 447 3226 ad
475 3163 613 3245 gradum
635 3185 746 3225 eorum
770 3163 1054 3241 constituendum,
1080 3162 1115 3225 in
1135 3163 1423 3226 enunciaticnibus

262 3267 404 3349 obliquis
422 3272 480 3328 aut
496 3265 802 3328 exclamationibus
827 3266 876 3344 11,
887 3269 966 3329 334:
986 3271 1087 3349 qualia
1102 3272 1164 3330 sint
1180 3278 1212 3330 56
1227 3289 1314 3350 qaam
1331 3272 1423 3348 longe

262 3376 408 3433 distantia
423 3375 526 3432 formis
543 3375 672 3452 percipe.
698 3368 765 3446 III,
784 3371 861 3432 972:
880 3391 968 3452 qaam
983 3370 1032 3430 cll
1046 3375 1084 3432 ad
1100 3394 1154 3432 nos
1174 3407 1206 3416 -
1226 3375 1327 3433 fucrit.
1359 3369 1421 3445 IV,

264 3475 363 3536 1203:
390 3479 422 3536 in
446 3477 544 3534 triviis
569 3495 657 3555 qaam
681 3497 769 3554 saepe
794 3497 880 3535 canes
908 3511 938 3518 -
964 3477 1102 3536 tendant.
1134 3471 1187 3534 Sic
1203 3471 1342 3534 Lachm.
1363 3493 1422 3554 prc

262 3598 338 3638 5555.
360 3574 402 3637 cf.
420 3574 481 3651 VI,
500 3577 577 3638 801:
596 3581 691 3652 Quam
707 3581 795 3638 facile
810 3583 843 3639 in
857 3581 957 3638 medio
973 3582 1008 3638 fit
1023 3583 1070 3639 561
1087 3582 1138 3639 des
1154 3600 1241 3658 saepe
1256 3581 1371 3638 ruinas!
1389 3575 1424 3636 iu

263 3678 311 3755 11,
330 3681 429 3741 16385
448 3683 543 3755 Quam
559 3683 617 3741 tibi
632 3684 692 3742 iam
708 3704 796 3742 nemo
811 3717 841 3724 -
857 3685 1007 3761 suspicere
1023 3685 1054 3743 in
1071 3683 1146 3742 caeli
1162 3683 1306 3759 dignatur
1321 3683 1424 3741 lucida

263 3787 391 3864 templa!
423 3779 505 3856 inl,
530 3783 607 3844 104:
638 3787 750 3864 quippe
776 3788 887 3845 etenim
916 3807 1006 3864 quam
1027 3788 1125 3845 multa
1143 3787 1200 3845 tibi
1225 3787 1284 3844 iam
1308 3788 1423 3864 fingere

264 3893 391 3968 possunt
406 3889 534 3946 somnia!
552 3883 585 3944 in
601 3884 661 3960 VI,
677 3886 769 3946 1080:
789 3890 896 3948 Cetera
905 3891 965 3947 iam
976 3909 1065 3967 quam
1080 3889 1179 3947 multa
1193 3889 1266 3947 licet
1281 3891 1421 3966 reperire!

263 3986 391 4050 Deinde
414 3985 593 4069 respondet
612 3971 803 4069 praegresso
828 3993 901 4061 1555,
923 3988 982 4060 ito,
1004 3989 1079 4050 adeo
1105 3994 1163 4049 aut
1184 3987 1419 4070 comparativo.

264 4089 330 4165 111,
349 4093 383 4152 5:
401 4115 462 4153 5ο5
478 4088 524 4151 tra
541 4093 677 4153 certandi
694 4095 820 4173 cupidus
836 4113 923 4173 quam
939 4099 1063 4174 propter
1078 4115 1219 4154 amorem.
1240 4090 1300 4167 111,
1321 4092 1419 4154 1147:

264 4218 333 4282 nam
349 4199 454 4271 vitare,
475 4198 578 4276 plagas
594 4199 625 4255 in
642 4199 750 4256 amoris
766 4217 803 4256 ne
819 4199 972 4270 iaciamnr,
993 4219 1053 4256 non
1070 4193 1116 4254 tra
1133 4199 1255 4257 difficile
1272 4204 1318 4256 cst
1333 4215 1422 4276 qaam

264 4307 386 4379 captum
401 4301 517 4360 retibus
533 4303 605 4378 ipsis
622 4301 710 4358 exire.
731 4295 797 4373 III,
812 4298 873 4358 182
885 4319 950 4378 sq.:
969 4302 1014 4359 nil
1029 4297 1104 4358 adeo
1120 4303 1184 4360 fieri
1200 4302 1289 4359 celeri
1304 4302 1422 4359 ratione

265 4404 393 4476 videtur,
418 4422 506 4484 quam
530 4405 588 4463 sibi
612 4423 696 4462 mens
720 4403 783 4462 fieri
808 4407 960 4482 proponit.
997 4399 1025 4476 1,
1050 4402 1111 4462 138
1132 4405 1234 4482 potius
1263 4437 1294 4444 -
1320 4423 1421 4481 quam.
