3102 4988
473 429 515 471 nn
537 428 650 471 noma.
697 427 948 473 corruncrrvus
1221 409 1282 470 147

142 603 254 680 potest
269 619 333 659 eam
350 596 538 660 concessiva
553 602 745 680 usurpatum
761 619 831 660 esse
852 595 1103 680 significatione,
1125 595 1183 658 sed
1198 594 1286 658 haud
1334 657 1337 668 ,

143 699 209 763 'scio
231 723 272 763 an
293 699 389 763 etiarn
412 699 603 788 temporalis
624 697 756 763 defendi
775 696 890 781 possit,
913 721 993 782 quae
1015 721 1145 762 causam
1165 699 1287 761 habeat

143 803 278 866 verbum
297 801 486 866 indefinitae
507 801 755 886 significationis
771 805 884 881 potest,
907 808 945 865 ut
965 824 1030 865 non
1051 802 1190 865 multum
1206 803 1287 864 haec

143 906 232 970 dicta
257 905 408 969 differant
431 906 472 968 ab
498 928 543 968 or.
570 905 714 989 obliqua.
750 903 844 966 Idem
869 902 933 968 <lici
957 910 1069 989 potest
1092 905 1289 969 deridemur

143 1009 204 1087 IV,
222 1012 283 1072 459
305 1031 375 1091 sqq.
399 1033 518 1092 campos
540 1015 665 1092 pedibus
684 1013 811 1074 transire
832 1009 967 1071 vademur
988 1018 1019 1073 et
1040 1015 1155 1073 sonitus
1177 1014 1288 1086 audire,

143 1137 245 1176 severa
265 1117 385 1176 silentia
405 1117 502 1176 noctis
523 1118 655 1196 undique
671 1134 736 1175 cam
752 1119 897 1175 coartent.
930 1111 1038 1175 Etiam
1055 1111 1107 1191 ΙΙ,
1121 1113 1182 1175 916
1199 1133 1288 1194 sqq.:

144 1221 356 1298 qui·poterunt
371 1220 466 1296 igitur
480 1240 579 1279 rerum
595 1221 758 1298 primordia
773 1221 833 1279 dici
849 1226 880 1280 et
895 1221 949 1279 leti
959 1221 1053 1280 vitare
1063 1221 1135 1294 vias,
1151 1220 1291 1280 animalia

143 1339 210 1380 eum
233 1318 312 1391 alut,
342 1323 440 1401 adque
469 1325 610 1382 animalia
638 1318 700 1380 aiat
729 1325 907 1383 mortalibus
936 1345 995 1382 una
1023 1319 1207 1402 eademque?
1232 1317 1291 1401 (sic

143 1421 282 1483 Lachm.
301 1441 340 1484 ex
356 1421 454 1498 coni,
478 1443 574 1504 quem
589 1420 675 1504 vide)
692 1421 826 1485 dubium
843 1427 894 1485 est
908 1428 1019 1484 utrum
1035 1421 1231 1505 significatio
1248 1420 1292 1483 sit

145 1522 285 1587 causalis
310 1546 350 1586 an
374 1524 576 1608 temporalis,
610 1525 670 1602 IV,
693 1525 754 1587 578
776 1550 865 1589 unam
886 1547 950 1587 cum
971 1526 1084 1588 iaceres
1101 1523 1292 1608 temporalis

145 1633 198 1690 est
219 1625 416 1709 significatio
437 1626 628 1711 particulae,
652 1626 880 1690 coniunctivus
900 1637 1007 1692 autem
1027 1627 1211 1712 imperfecti
1232 1626 1293 1689 itc-

143 1729 284 1793 rativ'am
300 1729 401 1792 habet
417 1729 702 1813 significationem.
740 1731 811 1792 Cum
832 1738 931 1794 tamen
952 1731 1174 1794 concessivam
1194 1728 1294 1813 signi·
1326 1763 1329 1772 Δ

145 1831 335 1896 ficationem
358 1832 460 1895 habet
484 1833 546 1910 IV,
574 1835 645 1897 718.
683 1833 827 1896 Dubium
858 1839 909 1896 est
932 1840 1043 1897 utrum
1067 1833 1230 1897 causalem
1255 1854 1296 1895 an

144 1935 360 2019 temporalem
387 1934 659 2017 significationem
685 1935 806 1999 habeat
833 1936 895 2015 IV,
922 1938 1000 2000 5⁷2:
1032 1963 1107 2021 quae
1131 1943 1207 2001 bene
1232 1957 1296 1997 crem

144 2039 269 2117 uideor,
300 2044 448 2102 rationem
471 2045 596 2103 reddere
620 2046 713 2124 possis
739 2046 820 2118 etc,
851 2037 877 2100 si
902 2040 1092 2124 temporalis
1118 2046 1183 2118 est,
1211 2037 1294 2101 coni.

144 2141 251 2204 uidem
267 2145 318 2204 est
332 2141 524 2226 potentialis
541 2142 685 2225 (solltest
700 2142 745 2204 du
763 2165 829 2204 nun
846 2141 951 2206 dieses
967 2142 1090 2227 richtig
1106 2142 1295 2223 erkennen).

147 2242 298 2306 Causalis
320 2243 569 2332 significationis
590 2245 740 2329 exempla
759 2251 838 2308 sunt
857 2246 989 2310 haecce.
1027 2247 1069 2324 V,
1093 2247 1169 2310 ⁷36:
1194 2250 1298 2309 ordine

147 2367 214 2408 ewnr
233 2347 353 2428 ¹poseiul
377 2356 439 2410 tam
464 2355 663 2413 cortormulta
683 2355 784 2412 creari.
816 2347 869 2411 Sic
885 2349 1034 2428 Lachm.,
1056 2355 1094 2412 ut
1109 2349 1207 2433 paulo
1223 2352 1299 2432 post

147 2472 181 2512 v.
201 2451 260 2514 ⁷50
277 2472 342 2512 eum
356 2456 420 2513 fieri
432 2451 550 2531 possint
565 2462 627 2516 tam
645 2461 726 2516 certo
741 2461 877 2535 tempore
892 2457 997 2516 multa.
1117 2509 1127 2532 ,

233 2552 266 2614 h.
278 2553 360 2615 Dum
371 2551 557 2616 coniunctio
569 2554 695 2618 duabus
703 2553 998 2638 significationibus
1007 2577 1081 2617 cum
1089 2553 1295 2619 coniunctivo

148 2677 168 2717 a
183 2654 337 2718 Lucretio
358 2654 506 2719 iunctum
526 2656 695 2741 reperitur,
722 2664 760 2720 ut
784 2663 841 2720 aut
865 2657 909 2720 sit
933 2659 1025 2720 (leaeo
1038 2663 1106 2720 'aut
1130 2657 1295 2721 dammodo.

148 2756 196 2834 II,
214 2761 291 2822 lca:
310 2785 368 2841 quo
384 2765 499 2823 tardius
514 2765 557 2824 ire
573 2765 700 2842 cogitur,
716 2767 810 2825 aerias
825 2767 910 2844 quasi
926 2761 995 2823 dum
1012 2761 1177 2824 (licerberel
1194 2765 1296 2825 undas.

147 2861 302 2924 Lachmz
328 2861 533 2938 „Lambinus
557 2857 696 2946 pessime
721 2863 809 2948 quasi
833 2865 902 2926 dum
926 2863 1107 2936 clloerberat,
1134 2885 1206 2925 uam
1229 2862 1298 2924 dum

147 2964 410 3047 intellegendum
433 2972 485 3028 est
506 2967 636 3028 douecf‘
667 2965 792 3029 Eodem
813 2965 909 3028 modo
931 2965 972 3043 V,
998 2967 1070 3030 ⁷00.
1088 2966 1148 3028 976
1170 2969 1242 3028 dnm
1262 3003 1293 3010 -

148 3074 283 3132 inferret.
323 3066 526 3151 significatio
558 3070 711 3132 dermmodo
737 3075 829 3132 extat
852 3069 881 3147 Ι,
908 3072 969 3132 246
995 3074 1029 3131 et
1053 3069 1094 3147 V,
1120 3070 1203 3132 1429
1229 3068 1298 3130 dam

148 3175 268 3255 plebeia
282 3180 384 3235 tamen
398 3171 450 3233 sil.

235 3273 258 3336 i.
286 3273 429 3352 Quamvis
450 3296 524 3338 cum
546 3274 630 3338 coni.
652 3274 810 3338 iunctum.
843 3275 871 3353 I,
890 3277 968 3339 346:
992 3285 1145 3360 praeterea
1165 3273 1299 3359 qrromru'e

149 3382 264 3440 solidae
287 3401 333 3440 res
358 3403 420 3442 esse
438 3384 599 3459 petentur.
635 3401 666 3440 v.
694 3380 755 3442 387
777 3401 843 3462 sq.:
869 3385 894 3442 is
918 3404 1006 3463 porro
1030 3378 1164 3463 querzole
1188 3384 1298 3448 circum

150 3485 352 3544 celerantibus
375 3486 455 3545 auris
481 3483 624 3566 confluat.
657 3503 687 3544 v.
710 3485 787 3546 398:
811 3482 945 3567 quumvis
964 3488 1112 3547 causando
1126 3487 1225 3574 multa
1239 3503 1299 3543 mo-

149 3583 239 3646 reris.
269 3605 302 3644 v.
321 3586 382 3646 620
398 3607 446 3666 sq.
468 3584 515 3662 ΙΙ,
534 3586 609 3648 177ε
628 3591 707 3649 Nam
723 3585 857 3669 quamvls
872 3611 971 3649 rerum
986 3585 1118 3666 iquorem
1137 3590 1301 3668 primordia

151 3711 228 3769 quae
243 3691 314 3750 sint.
347 3686 414 3764 ΙΙΙ,
432 3689 492 3751 307
510 3709 559 3770 sq.
578 3690 640 3752 874
656 3688 790 3771 quemuis
806 3694 891 3769 nepot
905 3695 969 3772 ipse
986 3694 1065 3751 cett.
1076 3679 1145 3766 IV,
1165 3691 1236 3752 155.

169 3857 171 3863 Ι
236 3789 259 3852 l.
290 3789 506 3852 Coairrrctc‘oua
526 3790 560 3852 iu
575 3790 839 3853 enunciutloeibar
859 3791 1009 3854 relatiuis.
1042 3791 1070 3870 I,
1089 3793 1165 3854 106:
1188 3796 1299 3874 quippe

151 3899 264 3957 etenim
289 3917 377 3975 quam
402 3898 499 3956 multa
521 3899 579 3957 tibi
603 3899 662 3956 iarn
686 3900 798 3976 fingere
822 3904 948 3978 possunt
972 3900 1096 3973 somnia,
1120 3914 1196 3978 quae
1220 3899 1299 3956 vitae

151 4001 282 4060 rationes
310 4003 426 4059 vertere
457 3995 574 4076 possint
602 4003 797 4080 fortunasque
821 4007 888 4060 tuas
912 4003 1009 4062 omnis
1032 4002 1153 4061 turbare
1177 4001 1299 4060 timore!

151 4098 219 4176 ΙΙΙ,
237 4099 313 4161 284:
337 4123 391 4162 nec
413 4104 493 4163 calor
512 4109 557 4163 est
576 4106 744 4184 quisquam,
765 4100 815 4162 cai
836 4127 896 4164 non
916 4100 956 4162 sil
975 4106 1086 4164 mixtus
1102 4109 1133 4164 et
1148 4108 1206 4163 aer.
1237 4098 1299 4176 IV,

152 4206 209 4266 94:
242 4226 296 4266 nec
326 4208 407 4266 recta
435 4209 550 4266 viarum
580 4210 657 4268 ostia
680 4213 764 4280 sunt,
797 4227 855 4288 qua
881 4204 1062 4267 contendunt
1087 4209 1165 4266 exire
1189 4211 1299 4267 coorta.

152 4303 309 4388 Impressi
330 4304 413 4368 male
436 4307 631 4369 contendunt.
667 4305 711 4384 V,
729 4307 805 4370 233:
828 4307 895 4391 quia
916 4331 969 4370 sua
987 4311 1135 4368 tutentur.
1171 4328 1203 4368 v.
1221 4306 1282 4368 337
1292 4328 1298 4364 :

153 4417 287 4491 repertus
308 4433 388 4472 nunc
409 4433 464 4490 ego
486 4435 550 4482 snm
571 4417 603 4474 in
625 4417 736 4494 patrias
752 4410 805 4494 qui
817 4410 928 4491 poesim
944 4419 1059 4474 vertere
1074 4434 1170 4472 voces.
1203 4406 1301 4490 Apud

1037 4513 1087 4564 10*
