3102 5000
303 418 343 476 84
710 433 862 479 suessos.
896 437 966 479 car.
992 437 1038 480 1v.

300 602 422 664 iustum.
444 603 473 685 c)
489 601 528 664 de
545 603 737 690 exceptione
752 604 782 684 Ι,
798 609 860 670 445
870 629 876 666 :
888 611 1015 686 praeter
1030 605 1123 667 iuuue
1138 613 1170 669 et
1185 627 1321 686 corporo.
1340 628 1369 668 v.
1387 609 1441 668 285

300 730 362 768 esse
381 711 470 770 aliam
484 713 611 786 praeter
626 708 741 790 mleque
767 718 798 772 et
815 709 955 790 paudere
984 733 1112 772 causam.
1144 731 1174 771 v.
1194 711 1276 772 1110
1301 709 1442 770 desertum

292 813 417 889 praeter
432 807 564 890 spatum
579 818 610 873 et
618 810 792 892 primordia
807 833 907 874 coeca.
925 810 992 890 III,
1001 814 1079 875 215:
1096 836 1176 876 mors
1192 817 1293 876 omnia
1306 818 1442 894 praestat,

297 910 420 973 uitulum
430 918 558 993 praeter
571 935 688 977 seucum
708 914 900 998 culimemque
919 936 1069 996 uaporem.
1100 914 1162 994 IV,
1180 918 1278 978 1095:
1300 919 1345 978 nil
1359 919 1443 976 datur

296 1021 328 1078 in
344 1038 450 1098 corpus
460 1022 587 1097 praeter
602 1017 767 1082 simorlucru
783 1024 953 1084 fruendum.
973 1017 1005 1102 d)
1022 1017 1062 1082 de
1077 1039 1112 1080 re
1128 1017 1312 1102 praestanti
1327 1016 1440 1100 (Hand.

297 1117 320 1178 l.
338 1138 367 1180 c.
384 1142 417 1202 p.
436 1119 525 1203 541);
547 1127 592 1184 nil
607 1128 719 1186 facient
727 1128 854 1204 praeter
869 1123 986 1203 colpum
1001 1121 1179 1205 turbamque
1194 1127 1391 1186 animantum.

379 1221 480 1305 Prope
497 1224 695 1310 praepositio
716 1247 782 1290 uno
802 1226 876 1290 loco
898 1223 1022 1309 legitur
1041 1223 1103 1302 VI,
1120 1227 1182 1288 868
1204 1231 1361 1308 multaque
1376 1234 1442 1288 sunt

295 1330 374 1407 ignis
382 1347 480 1409 prope
495 1334 607 1393 semina
623 1351 729 1411 corpus
744 1335 841 1412 aquai.

378 1428 509 1511 Propter
520 1430 709 1495 adverbium
727 1440 777 1496 est
793 1431 828 1496 in
838 1430 1102 1517 copulationibus
1118 1441 1291 1516 eapropter
1308 1430 1372 1509 IV,
1383 1432 1439 1494 337

294 1538 327 1594 et
342 1556 402 1615 qua
416 1544 552 1618 propter,
574 1534 613 1599 de
636 1558 700 1620 qua
721 1535 796 1599 vide
817 1557 887 1620 cap.
905 1534 972 1614 III,
990 1537 1029 1613 B,
1046 1534 1075 1613 1,
1093 1555 1121 1614 c,
1145 1533 1263 1598 deinde
1278 1533 1330 1597 his
1345 1531 1438 1597 locis:

292 1634 339 1713 II,
357 1637 434 1700 417:
452 1663 562 1722 araque
577 1646 749 1704 Panchaeos
764 1645 884 1704 exhalat
893 1644 1020 1720 propter
1035 1643 1149 1702 odores.
1166 1637 1233 1716 III,
1251 1639 1325 1701 653.
1348 1637 1440 1700 Prac-

292 1737 413 1820 positio
437 1748 566 1823 propter
603 1745 633 1826 a)
663 1743 766 1808 habet
796 1740 1072 1826 significationem
1101 1739 1167 1804 loci
1195 1741 1224 1819 Ι,
1250 1742 1313 1804 316
1343 1749 1440 1824 portas

291 1852 422 1926 propter.
449 1844 497 1922 II,
510 1848 566 1909 30:
577 1851 705 1928 ρνορίνν
720 1871 814 1930 aquae
829 1845 939 1919 riuum,
956 1844 1037 1908 item
1053 1843 1096 1922 V,
1114 1846 1197 1908 1393
1206 1850 1336 1926 propter
1350 1867 1440 1927 aquae

289 1945 383 2008 rivom
403 1949 471 2031 (pro
498 1958 716 2034 proptereaque
737 1951 855 2033 rivom).
886 1948 935 2027 II,
953 1950 1032 2013 353:
1060 1954 1236 2012 turicremas
1257 1956 1383 2032 propter
1407 1984 1433 1993 —

289 2073 362 2114 aras.
393 2050 453 2130 IV,
472 2054 549 2115 223:
573 2078 641 2116 oum
662 2075 744 2116 mure
763 2077 916 2118 versamur
930 2058 1075 2134 propter,
1098 2050 1180 2114 item
1202 2050 1264 2128 VI,
1282 2053 1357 2114 929.
1381 2049 1437 2127 IV,

290 2155 387 2218 1024:
405 2155 524 2239 flumeu
547 2161 622 2220 item
646 2162 751 2221 sitiens
775 2165 829 2221 aut
841 2155 966 2242 foutem
983 2161 1111 2238 propter
1134 2157 1437 2234 umoeuumadsidet.
1519 2223 1520 2236 ,

289 2277 320 2318 v.
332 2257 431 2320 1026:
450 2265 518 2341 pusi
532 2283 620 2342 saepe
634 2259 733 2323 lucum
742 2265 870 2342 propter
887 2285 918 2324 se
934 2283 968 2322 ae
984 2258 1068 2322 dubia
1084 2264 1172 2320 curte
1188 2281 1292 2322 somno
1307 2261 1437 2320 devincti

288 2365 416 2426 credunt
441 2387 472 2426 se
497 2368 640 2427 extollere
666 2373 781 2428 vestem
802 2369 882 2426 cett.
914 2361 957 2441 V,
975 2363 1031 2426 31:
1057 2360 1200 2424 Thracum
1219 2359 1438 2442 Bu'etouu'usque

284 2463 396 2545 ρίαραε
407 2473 498 2548 atque
509 2464 626 2528 Ismara
640 2473 773 2549 propter.
791 2490 822 2530 r.
835 2469 891 2532 35:
901 2472 1030 2548 propter
1039 2464 1215 2528 Atlauteum
1230 2463 1306 2526 litus
1313 2463 1437 2544 pelope·

287 2592 345 2650 que
374 2588 494 2630 souoru.
526 2590 556 2629 v.
580 2570 656 2632 623:
688 2579 803 2654 quanto
833 2594 968 2654 quaeque
997 2573 1093 2651 magis
1116 2573 1178 2632 sint
1208 2573 1318 2630 aarum
1341 2571 1436 2630 sidera

256 2669 417 2752 ‘propium
450 2670 512 2749 VI,
531 2674 592 2736 549
607 2678 685 2737 viam
701 2682 834 2759 propter.
865 2696 897 2736 v.
915 2675 976 2737 926
999 2678 1104 2736 littora
1119 2680 1250 2755 propter.
1296 2669 1338 2732 In
1353 2669 1435 2734 libro
1518 2685 1519 2696 ¹

285 2772 347 2851 IV,
366 2777 438 2853 220,
455 2773 514 2837 ubi
528 2773 625 2840 iidem
642 2797 756 2840 versus
772 2781 862 2854 sunt,
880 2782 931 2838 est
946 2775 1054 2840 l'ttorc
1069 2775 1192 2840 circum.
1222 2795 1254 2835 v.
1274 2777 1375 2838 1114:
1393 2782 1435 2838 est

285 2883 406 2961 elephas
421 2883 543 2944 morbus
558 2885 611 2962 qui
621 2885 748 2962 propter
757 2880 892 2966 flumiuu
908 2884 975 2944 Nili
990 2885 1136 2963 gignitur.

369 2981 403 3064 b)
427 2981 702 3065 significationem
718 3005 846 3047 causae.
877 2982 906 3062 Ι,
924 2986 975 3047 99.
994 2982 1022 3063 1,
1041 2985 1118 3048 139:
1135 2988 1263 3064 ρνορίνν
1278 2989 1434 3063 euestuteu

285 3090 407 3166 linguae
427 3095 458 3149 et
478 3111 577 3149 rerum
596 3087 770 3150 uooibarem.
802 3086 850 3166 II,
868 3090 930 3152 854
950 3097 1075 3171 propter
1089 3091 1214 3152 eandem
1229 3110 1301 3150 rem.
1331 3085 1400 3164 III,
1417 3089 1433 3148 5

285 3193 409 3252 nonita
430 3175 565 3253 oe'rtandi
585 3195 712 3275 cupidus
733 3215 823 3274 quem
837 3197 965 3272 propter
986 3211 1123 3254 umorem.
1155 3190 1216 3268 IV,
1233 3192 1295 3254 465
1311 3194 1435 3272 propser
1517 3225 1518 3288 ρ

285 3290 428 3371 opimatus
452 3297 553 3355 animi.
578 3315 610 3354 v.
629 3295 690 3358 678
715 3299 868 3358 dissimilis
892 3303 1016 3378 propter
1039 3300 1158 3358 formas.
1183 3316 1214 3356 v.
1234 3295 1294 3357 743
1310 3297 1434 3375 propter
1517 3291 1518 3330 1

285 3392 424 3456 subtilem
438 3399 580 3457 maturum
597 3404 628 3459 et
644 3396 747 3459 teuuu'u
763 3402 857 3461 teuto.
876 3396 918 3476 V,
933 3400 996 3461 443
1005 3402 1133 3478 propter
1149 3395 1434 3480 dissimilisfouuus

286 3495 450 3580 uariosque
461 3499 593 3582 figuras.
626 3521 658 3562 V.
677 3502 736 3564 691
760 3509 884 3585 propter
910 3538 939 3547 -.
966 3505 1139 3584 posituram.
1165 3522 1196 3562 v.
1214 3500 1299 3564 1974
1314 3509 1435 3582 propter

285 3605 493 3665 inutilitatem.
525 3600 587 3679 VI,
612 3602 629 3664 7
661 3612 784 3687 propter
814 3609 916 3668 divina
944 3615 1072 3688 reperta.
1102 3625 1134 3666 v.
1159 3603 1218 3666 775
1235 3625 1285 3686 sq.
1312 3606 1433 3684 propter
1516 3683 1517 3690 ἵ

284 3702 460 3766 dissimilem
475 3709 618 3768 maumam
633 3705 853 3790 dissimilisque
869 3713 1016 3770 tecturus.
1039 3729 1071 3769 v.
1089 3708 1151 3770 999
1160 3711 1289 3788 propter
1304 3702 1431 3768 dissimi·
1516 3743 1517 3810 i

285 3807 340 3868 lem
357 3811 498 3870 moturum
514 3813 657 3892 tectaque
672 3834 780 3874 rerum.
1516 3879 1517 3900 ,

370 3909 538 3974 Secuudum
551 3933 615 3974 uno
630 3912 704 3975 loco
720 3911 844 3996 legitur
858 3913 926 3992 III,
938 3916 989 3978 35:
1007 3914 1096 3977 husee
1110 3913 1272 3976 secuudum
1286 3933 1334 3976 ree
1343 3913 1431 3976 animi

285 4023 392 4078 natura
405 4020 527 4079 videtur
547 4052 576 4062 -
599 4020 739 4079 claranda
755 4022 829 4080 meis
845 4023 905 4081 iam
919 4023 1054 4081 versibus
1070 4041 1141 4080 esse.

370 4117 486 4200 Supero
501 4140 527 4180 a.
540 4139 632 4200 sumu
649 4117 682 4205 a)
699 4119 820 4183 dicitur
835 4119 875 4183 de
892 4120 976 4184 loco.
993 4118 1150 4198 111‚385:
1168 4125 1383 4202 rapueramus
1396 4153 1425 4166 -·
1515 4123 1516 4134 ³

283 4225 434 4284 cecidisse.
465 4221 506 4300 V,
527 4225 582 4285 85:
609 4247 685 4306 quae
708 4244 817 4305 supera
842 4229 934 4305 caput
957 4229 1097 4288 aetheriis
1122 4231 1287 4288 cernuntur
1309 4229 1341 4288 in
1364 4228 1428 4286 oris.

285 4322 346 4402 VI,
365 4325 402 4388 61
421 4350 527 4408 supera
543 4335 642 4410 caput.
673 4347 705 4388 v.
724 4329 786 4391 262
801 4353 908 4411 supera
921 4337 1059 4392 nostrum
1075 4339 1175 4412 caput.
1206 4326 1267 4405 IV,
1284 4328 1360 4392 403:
1384 4331 1429 4388 vix

284 4437 319 4491 ut
342 4435 401 4492 iam
426 4435 546 4492 credere
570 4437 686 4514 possint
710 4455 769 4494 non
794 4453 887 4512 supro
907 4453 1073 4496 asseruere
1094 4437 1195 4496 omnia
1215 4440 1296 4495 tecta
1314 4433 1428 4494 minari.
