3102 5000
376 443 473 487 raou.
498 436 646 502 raason,
671 443 1040 503 rossnss.,·nnrnnx1va.
1220 425 1281 488 103

428 803 500 858 m.
534 801 710 874 Syntaxis
725 801 996 872 pronominum.

644 995 716 1074 (lap.
740 997 776 1055 V.

269 1201 291 1258 Ι.
328 1200 523 1250 Pronomina
540 1200 745 1264 personalia,
764 1200 966 1262 possessiva,
984 1198 1158 1250 reflexiva.

225 1331 430 1398 Nominativi
450 1333 678 1418 pronominum
694 1333 916 1417 personalium
932 1331 1098 1395 adduntur
1113 1331 1232 1409 verbis,
1254 1337 1292 1394 ut

137 1457 297 1522 personae
320 1435 560 1520 significantius
579 1436 798 1520 proferantur.
831 1435 884 1499 Sic
901 1441 934 1498 tu
949 1435 1095 1519 positum
1111 1442 1162 1499 est
1177 1434 1244 1512 III,
1262 1439 1292 1498 9.

136 1538 203 1616 IV,
216 1541 295 1603 912:
314 1546 347 1602 lu
362 1547 439 1604 mihi
454 1547 492 1605 da
507 1547 608 1605 tenuis
623 1565 708 1604 aures
724 1545 918 1623 animumque
933 1564 1079 1621 sagacem.
1100 1544 1165 1600 tate
1177 1538 1206 1616 Ι,
1220 1541 1291 1601 269.
1377 1607 1379 1614 ,

136 1643 214 1706 403.
233 1643 309 1706 407:
328 1663 385 1722 per
406 1648 435 1704 le
454 1648 519 1705 lule
541 1649 604 1726 ipse
619 1648 721 1706 videre
742 1679 772 1688 —
794 1648 916 1725 poteris.
947 1640 1009 1721 IV,
1027 1643 1099 1706 573.
1120 1643 1219 1705 1150:
1237 1647 1295 1705 nisi

137 1749 206 1807 tute
227 1749 285 1807 tibi
299 1749 404 1808 obvius
420 1750 529 1808 obstes.
552 1737 675 1807 tutemet
690 1744 718 1822 Ι,
737 1747 810 1808 102.
827 1743 888 1821 IV,
905 1745 978 1806 915.
1005 1743 1088 1806 Cum
1104 1741 1296 1827 pronomine

136 1845 326 1932 possessivo
352 1845 498 1910 eiusdem
522 1867 681 1930 personae
703 1845 914 1909 coniunctum
937 1852 989 1909 est
1009 1868 1102 1929 pron.
1125 1845 1296 1929 personale

136 1949 166 2028 I,
187 1951 273 2031 6sq.
297 1955 325 2011 te
353 1988 385 1997 -
413 1955 637 2032 adventumque
662 1953 758 2022 tuum,
785 1948 827 2012 cl.
845 1973 877 2012 v.
896 1951 952 2012 13:
980 1954 1009 2012 te
1036 1987 1066 1996 -
1093 1956 1236 2034 tuumque
1262 1987 1292 1996 -

136 2059 262 2117 initum.
302 2051 501 2115 Genetivum
528 2051 665 2136 pluralis
694 2051 816 2134 primae
840 2073 998 2136 personae
1023 2051 1125 2116 habes
1149 2052 1212 2130 IV,
1239 2053 1296 2116 39:

136 2160 256 2238 aliquid
272 2155 379 2217 nostrl.
414 2154 555 2218 Dativus
571 2153 772 2238 pronominis
788 2154 965 2218 restitutus
983 2161 1035 2218 est
1051 2177 1069 2217 a
1084 2155 1298 2218 Lachmanno

136 2257 208 2336 ΙΙΙ,
221 2260 298 2322 321τ
317 2282 393 2341 qnae
408 2268 540 2340 nequeat
555 2263 632 2321 ratio
648 2263 800 2341 depellere
815 2257 901 2320 nobie
913 2261 982 2340 (pro
992 2257 1113 2341 noctis).
1140 2256 1301 2320 Similiter

137 2360 273 2424 dativus
301 2360 430 2444 positus
460 2367 512 2424 est
535 2359 564 2438 Ι,
591 2362 669 2424 lea:
701 2386 777 2444 quae
804 2385 851 2424 res
878 2359 964 2422 uobis
988 2365 1185 2442 vigilantibus
1211 2366 1302 2425 obvia

132 2472 255 2530 mentes
269 2469 422 2528 terrificet.

222 2566 352 2630 Tertiae
362 2587 519 2650 personae
534 2587 715 2648 pronomen
729 2564 757 2628 ie
772 2585 808 2628 eo
823 2567 867 2644 id,
886 2565 925 2629 de
942 2565 1033 2629 cuius
1051 2563 1292 2649 significatione

133 2695 153 2735 a
169 2693 223 2733 me
240 2669 366 2732 dictum
383 2675 434 2732 est
448 2669 482 2732 in
498 2677 587 2753 synt.
604 2667 703 2752 prisc.
722 2669 835 2752 script.
853 2668 912 2732 lat.
930 2667 959 2747 I,
971 2691 1002 2752 p.
1016 2671 1077 2733 352
1088 2691 1150 2752 sq„
1164 2675 1294 2753 spectat

133 2779 196 2838 aut
211 2773 252 2837 ad
268 2795 336 2836 rem
356 2773 424 2836 sive
444 2793 629 2856 personam,
651 2792 733 2855 quae
753 2771 788 2834 in
804 2771 1024 2856 superioribus
1041 2778 1295 2835 commemorata

134 2883 200 2954 est,
222 2882 280 2938 aut
296 2875 450 2940 definitur
465 2871 656 2959 pronomine
672 2873 823 2936 relativo.
851 2873 904 2937 Ad
918 2873 1002 2937 illud
1012 2895 1117 2957 genus
1127 2874 1295 2957 pertinent

132 2982 218 3044 haec
241 2979 405 3063 exempla:
437 2977 500 3056 IV,
518 2979 580 3059 934
601 2976 834 3040 Lachmannus
855 2976 1064 3040 scribendum
1087 2999 1158 3041 esse
1181 2977 1295 3041 docuit

133 3087 229 3166 atque
244 3081 281 3143 ob
296 3080 373 3159 ibus,
396 3079 461 3158 uel,
486 3079 513 3141 si
533 3080 596 3142 hoo
612 3077 728 3158 mavis,
746 3079 916 3164 opacitas,
934 3102 992 3164 pro
1009 3081 1191 3165 alquerius.
1225 3079 1293 3158 ΠΙ,

135 3187 217 3250 135:
236 3189 390 3266 Quidquid
404 3184 439 3245 ld
454 3193 509 3246 est.
539 3181 676 3244 Lachm.
701 3182 830 3245 confert
850 3182 892 3260 V,
911 3184 971 3247 577
990 3189 1023 3246 et
1039 3181 1080 3262 V,
1099 3186 1194 3247 1252.
1226 3183 1293 3263 ΙΙΙ,

135 3290 217 3352 145:
238 3285 335 3370 quue
351 3291 409 3349 sibi
424 3291 521 3350 solum
538 3309 591 3368 per
609 3310 639 3348 se
655 3289 747 3368 sapit:
769 3284 804 3346 id
818 3290 876 3349 sibi
891 3291 1013 3368 gaudet.
1046 3284 1099 3348 Sic
1116 3283 1295 3350 Wakefiel-

135 3391 200 3454 dus
216 3387 337 3472 aptius,
355 3410 451 3471 quam
468 3386 555 3470 quod
565 3385 645 3450 Itali
655 3393 689 3450 et
698 3385 849 3470 impressi
860 3388 994 3466 habent,
1013 3387 1147 3469 etsilip.
1165 3389 1207 3466 V,
1221 3391 1293 3453 706:

134 3501 226 3558 Luna
245 3502 348 3575 potest
366 3495 437 3556 solis
456 3495 547 3555 radiis
569 3514 709 3573 percussa
724 3496 830 3569 nitere,
846 3498 937 3574 inque
954 3497 1017 3555 dies
1032 3497 1128 3574 magis
1144 3492 1179 3554 ld
1193 3498 1296 3557 lumen

135 3605 313 3661 convertere
336 3601 433 3658 nobis.
475 3593 513 3656 Id
535 3592 674 3657 inseruit
698 3591 941 3656 Lachmannus.
985 3593 1025 3671 V,
1052 3595 1152 3658 1062:
1184 3602 1297 3679 quippe

135 3705 252 3764 etenim
268 3703 341 3762 licet
355 3698 390 3759 ta
404 3702 493 3760 rebus
509 3721 688 3778 cognoscere
703 3703 824 3780 apertis.
851 3695 904 3758 Sic
920 3695 1072 3760 Gifanius
1087 3719 1145 3781 pro
1163 3697 1206 3760 ia.
1234 3697 1295 3777 VI,

135 3805 217 3867 402:
239 3827 277 3866 an
298 3807 387 3864 simul
407 3826 441 3864 ac
462 3805 557 3864 nubes
574 3823 751 3878 successere,
767 3806 878 3883 ipsein
895 3821 946 3862 eos
961 3809 1028 3863 tum
1045 3805 1211 3864 descendit.
1243 3799 1297 3862 Sic

136 3926 214 3968 vere
240 3911 274 3966 et
298 3910 394 3966 acute
418 3900 599 3966 Lambinus
625 3922 682 3987 pro
711 3902 895 3965 lacertum.
936 3925 967 3966 v.
994 3905 1072 3967 421:
1100 3908 1221 3987 altaque
1245 3929 1299 3967 our

135 4014 316 4092 plerumque
332 4011 412 4090 petit
427 4012 501 4084 loca,
525 4013 714 4090 plurimaque
731 4007 795 4068 eiua
811 4011 966 4071 montibus
981 4013 1014 4070 in
1030 4012 1153 4071 summis
1169 4013 1299 4090 vestigia

137 4117 289 4175 cernimus
304 4114 405 4192 ignis?
433 4108 486 4171 Sic
503 4109 640 4172 Lachm.
658 4130 716 4193 pro
727 4103 1020 4194 plurimaqueplua,
1039 4115 1077 4172 ut
1091 4132 1124 4171 v.
1137 4113 1198 4173 694
1213 4133 1298 4174 mon·

137 4221 178 4278 tis
199 4220 237 4277 ad
259 4213 329 4275 eiua
345 4217 467 4276 radices.
498 4211 532 4275 in
548 4211 611 4291 W,
630 4214 690 4276 260
707 4218 888 4296 particulam
904 4219 988 4276 venti
1004 4217 1116 4276 sentire
1132 4225 1163 4276 et
1179 4219 1298 4295 frigoris
1392 4201 1397 4210 ¹

138 4317 215 4379 ciana.
256 4315 318 4393 VI,
345 4318 443 4380 1064:
476 4320 627 4400 inpellant
650 4325 686 4378 nt
710 4336 775 4377 eam
798 4321 957 4398 Magnesia
979 4321 1102 4380 flumine
1127 4343 1204 4381 saxa.
1245 4315 1298 4378 Sic

139 4417 303 4482 Marullus
322 4440 380 4501 pro
400 4439 476 4480 eum.
509 4416 698 4480 Quadratus
725 4417 887 4498 impellunt
907 4424 941 4479 ut
961 4441 1004 4480 eo.
1038 4441 1069 4481 v.
1089 4421 1189 4482 1098:
1207 4429 1298 4501 atque
