3102 5000
461 450 733 496 rnennosmouas
756 451 824 497 eurr
846 453 919 498 555.
1222 437 1261 500 67

130 637 158 698 p.
179 618 237 700 19).
273 619 301 698 Ι,
326 621 403 684 0051
429 623 500 684 1505
523 626 599 686 51155
623 631 714 706 atque
737 628 814 688 aliae
838 627 950 687 similes
974 643 1010 684 55
1033 622 1140 685 ordine
1162 633 1263 707 partes

129 725 235 800 agmine
254 727 402 792 condenso
421 732 560 788 naturam
580 732 712 810 corporis
728 732 859 809 explent.
889 725 951 805 IV,
961 727 1041 804 370,
1059 728 1132 804 5⁷4,
1150 728 1211 791 973
1227 751 1264 792 ex

128 827 229 887 ordine.
245 807 287 902 V‘,
303 828 382 890 418:
400 845 436 888 55
451 825 557 890 ordine
571 852 691 913 ponam.
706 851 738 893 v.
757 829 836 892 0701
852 833 982 893 redeunt
996 849 1034 890 55
1048 827 1154 892 ordisse
1169 834 1262 893 cerlo.

129 923 181 1002 IV,
196 929 271 989 8591
290 947 326 990 55
339 950 397 991 uere
412 953 488 1012 quae
503 939 575 994 sunt
588 931 714 1015 ulloque
728 940 856 1016 reperta.

200 1027 221 1112 i)
248 1027 295 1092 015
319 1051 393 1094 oum
416 1032 573 1115 temporis
597 1033 788 1100 notionibus
814 1033 1026 1098 coniunctum
1046 1032 1171 1098 iudicat
1193 1055 1263 1099 rem

127 1128 257 1212 aliquam
275 1153 294 1195 5
316 1139 409 1197 certo·
428 1134 568 1217 quodum
590 1137 748 1224 temporis
767 1144 934 1202 momento
949 1136 1082 1202 initium
1097 1159 1213 1222 capere
1229 1143 1264 1201 et

126 1233 297 1298 continuari
324 1242 382 1300 aut
405 1236 537 1302 omnino
562 1237 757 1324 simpliciter
779 1247 856 1324 pest
880 1240 976 1304 aliam
1001 1239 1071 1304 fieri
1094 1240 1261 1325 (Kampm.

125 1357 152 1418 p.
163 1339 222 1418 70).
238 1337 267 1416 Ι,
279 1341 356 1403 5501
373 1365 429 1405 555
438 1347 555 1406 ratione
565 1351 681 1426 queunt
696 1349 755 1408 alia
769 1352 887 1410 servata
901 1369 955 1427 per
969 1368 1073 1407 aevom
1089 1363 1126 1406 55
1141 1343 1263 1429 infinito

124 1445 173 1502 iam
189 1445 315 1523 tempore
329 1469 376 1508 res
390 1469 536 1530 reparare.
553 1467 584 1509 v.
603 1449 680 1513 9911
698 1472 733 1511 ex
748 1451 869 1511 infinito
888 1483 920 1494 -
939 1455 1086 1530 tempore.
1102 1445 1132 1524 I,
1149 1447 1210 1510 997
1228 1450 1263 1509 et

125 1545 196 1607 1025
213 1552 247 1608 et
260 1546 309 1625 II,
326 1550 388 1613 530
409 1574 445 1614 ex
464 1556 593 1616 infinito.
623 1549 672 1629 ΙΙ,
690 1553 768 1614 9551
791 1571 827 1612 55
845 1549 968 1634 infinito
987 1574 1026 1613 ne
1041 1573 1161 1613 cansam
1176 1573 1265 1614 55555

123 1658 262 1730 sequatur.
291 1671 324 1714 v.
342 1652 418 1715 5⁷4:
441 1673 477 1714 55
497 1652 619 1739 infinito
634 1661 824 1718 contractum
839 1656 969 1732 tempore
983 1655 1108 1716 bellum.
1142 1651 1182 1730 V,
1200 1654 1262 1717 188

123 1753 239 1815 511931
262 1773 299 1815 55
318 1753 515 1839 0505115155
531 1760 660 1836 7555555
673 1761 789 1839 percite
803 1759 910 1839 plagis.
940 1775 972 1819 v.
990 1757 1067 1818 3161
1090 1775 1127 1817 55
1140 1754 1263 1840 infinito

122 1877 189 1935 quae
208 1860 339 1936 tempore
358 1863 591 1940 pertolerassent
606 1863 670 1920 etc.
701 1879 733 1922 v.
751 1859 829 1922 3781
859 1877 895 1920 55
910 1857 1031 1943 infinito
1045 1863 1106 1921 iam
1121 1863 1260 1939 tempore.

122 1954 145 2033 l,
161 1958 234 2021 5781
257 1984 292 2023 ex
312 1971 435 2024 aeterno
449 1969 595 2045 tempore.
625 1960 673 2040 ΙΙ,
692 1961 769 2026 7431
791 1986 826 2024 ex
844 1965 971 2024 ineunte
989 1985 1072 2025 aevo.
1102 1959 1170 2038 III,
1186 1961 1261 2024 344.

124 2059 184 2122 715.
208 2061 251 2140 V,
273 2063 348 2126 537.
371 2065 445 2127 555.
469 2065 541 2126 859.
567 2062 635 2141 ΙΙΙ,
653 2066 736 2128 1090
752 2085 819 2147 sq.:
846 2073 881 2126 et
904 2062 1048 2126 hodierno
1072 2062 1186 2125 7551515
1209 2068 1262 2145 qni

122 2165 199 2226 finem
219 2170 302 2229 vitae
323 2169 404 2230 fecit.
435 2165 582 2244 1,1115:
604 2191 734 2249 namque
755 2171 817 2230 alid
838 2185 874 2228 55
893 2165 957 2228 505
976 2171 1129 2244 clarescet,
1151 2163 1194 2228 cf.
1218 2164 1261 2242 V,

123 2266 208 2330 11501
225 2291 356 2352 nemque
372 2275 434 2333 alid
449 2290 485 2332 55
501 2269 564 2332 abio
579 2275 739 2334 clarescere
755 2273 962 2332 conveniebat.
984 2267 1027 2347 V,
1039 2269 1117 2332 8991
1135 2267 1263 2330 555715-

121 2391 170 2449 que
183 2375 258 2435 alius
274 2379 372 2435 status
388 2373 523 2454 excipere
538 2378 638 2437 omnia
653 2377 754 2436 debet.
770 2394 802 2434 v·
814 2373 891 2436 8351
910 2393 946 2434 55
960 2371 1150 2435 55515555
1165 2379 1263 2435 status

122 2471 221 2552 5551515
238 2479 326 2539 alter.
357 2497 389 2538 v.
408 2477 506 2539 13051
535 2481 597 2539 5110
612 2497 648 2538 ec
662 2474 726 2539 505
740 2481 859 2558 peperit
874 2479 1032 2539 discordia.
1072 2473 1133 2553 VI,
1161 2474 1259 2538 10301

118 2579 191 2639 55115
205 2583 365 2641 cessabant
378 2586 515 2661 tempere
530 2583 623 2662 apisci
640 2599 676 2640 55
691 2577 765 2640 aliie
780 2583 854 2642 51155
870 2582 951 2641 avidi
966 2583 1108 2660 oontcgbs
1121 2581 1228 2641 morbi.

189 2677 213 2762 1)
234 2678 501 2743 Instrumentnm
521 2678 688 2764 significat
709 2679 769 2759 VI,
792 2682 892 2745 1012:
918 2705 978 2764 quo
998 2679 1122 2742 0551155
1143 2700 1179 2742 ec
1200 2681 1259 2742 ele·

117 2780 222 2846 55515.
252 2780 308 2845 Sic
322 2781 460 2846 Lachm.
477 2803 536 2866 pro
552 2782 761 2869 quod-dieitur
776 2804 812 2845 55
827 2783 925 2861 57515,
942 2781 1101 2862 „conciso
1118 2781 1258 2865 quodam

118 2879 234 2948 dicendi
257 2905 397 2969 genere,
421 2885 544 2970 inquit,
576 2885 668 2950 cuins
693 2883 800 2949 simile
824 2885 1010 2969 exemplum
1033 2906 1100 2948 non
1124 2905 1257 2968 possum

118 3005 262 3067 promere,
296 2989 405 3072 qualia
431 2990 542 3055 forent
565 2991 673 3053 ducere
697 3009 734 3052 55
755 3009 859 3067 maan,
891 3010 928 3050 55
945 2987 1044 3073 sone,
1075 3009 1112 3050 55
1135 2992 1255 3050 octena.

118 3085 221 3153 015551
244 3093 327 3155 haec
351 3091 564 3176 frequentant
587 3092 629 3155 50
658 3090 909 3176 significandam
938 3088 1160 3168 instrumenti,
1193 3111 1256 3174 quo

117 3189 226 3274 aliquid
251 3193 397 3275 ducitur,
418 3194 692 3259 continuitatem.
723 3195 855 3260 scilicet
877 3194 995 3258 anulus
1020 3215 1060 3258 ex
1084 3193 1257 3259 elementis

117 3289 182 3356 ferri
196 3298 374 3362 cohaerens
389 3298 508 3363 iisdem
524 3298 696 3364 elementis
711 3299 747 3362 in
761 3319 900 3363 vacnum
917 3297 1087 3362 ducitur.“
1110 3300 1255 3382 Bernay·

117 3393 174 3458 sius
186 3381 299 3465 tedren
314 3423 351 3464 55
365 3401 518 3465 elementis
533 3396 626 3466 uncis
641 3401 795 3466 includit.

188 3501 270 3566 Prae
292 3505 322 3587 5)
343 3503 619 3588 significationem
638 3505 741 3568 habet
761 3504 838 3569 loci.
870 3504 932 3583 IV,
950 3507 1027 3568 9801
1051 3511 1143 3588 atque
1162 3511 1255 3569 alium

114 3621 178 3678 prae
191 3627 221 3668 55
235 3611 407 3691 propellens
423 3615 492 3671 abra
506 3591 611 3672 volvit
641 3607 685 3687 V,
703 3610 803 3673 13101
826 3617 858 3672 et
877 3612 993 3672 validos
1009 3613 1120 3691 partim
1131 3629 1209 3688 prae
1223 3629 1255 3671 55

117 3711 209 3772 misere
224 3713 335 3776 leones.

188 3811 224 3900 b)
248 3810 416 3898 significat
438 3834 568 3878 causam
590 3813 653 3894 IV,
675 3815 773 3878 11071
802 3837 869 3878 oum
889 3818 989 3882 vivere
1010 3837 1072 3878 non
1094 3819 1162 3895 quit
1173 3833 1255 3894 prae

116 3931 208 3978 5555.

188 4017 249 4081 Pro
274 4017 464 4083 adverbium
488 4025 541 4082 est
564 4017 777 4082 coniunctum
801 4039 875 4081 oum
899 4039 1004 4102 qoam,
1034 4015 1122 4100 qnod
1145 4015 1252 4081 tribue

117 4113 185 4182 locis
199 4119 322 4206 legitur
335 4121 553 4201 Lucretianis,
571 4121 619 4201 H,
631 4123 733 4186 11371
751 4145 806 4185 555
821 4127 894 4186 satis
909 4130 964 4198 est,
973 4139 1033 4201 pro
1049 4141 1138 4204 quam
1152 4125 1252 4204 largos

117 4233 255 4288 exaestuat
277 4237 393 4304 aestus,
417 4231 498 4290 unde
522 4234 614 4309 quest
636 4233 758 4289 tantum
781 4229 918 4289 suboriri.
957 4222 1025 4300 III,
1052 4224 1130 4286 1901
1156 4229 1252 4307 igitur

117 4332 275 4402 parvissima
289 4353 413 4414 corpora
420 4349 481 4412 pro
496 4351 584 4414 quam
600 4337 632 4392 et
647 4333 799 4392 levissima
812 4317 893 4407 sunt,
908 4332 953 4391 ita
963 4330 1135 4391 mobilitate
1150 4333 1250 4392 ferun·

116 4433 166 4490 tur.
184 4429 243 4510 VI,
256 4435 310 4497 111
322 4453 382 4515 pro
397 4454 485 4518 qaam
501 4441 611 4515 posset.
635 4431 867 4495 Lachmannus
878 4429 962 4494 adh.
974 4428 1012 4508 1.,
1030 4428 1085 4512 qui
1100 4428 1250 4495 defendit

999 4533 1037 4588 50
