3102 5000
479 431 751 478 Psennosmouns
774 432 842 476 OUM
865 433 979 477 AOOUS.
1263 417 1301 480 71

152 606 233 668 640:
257 603 417 667 detrudere
441 641 473 650 -
499 602 644 666 bemuedie
664 623 756 686 usque
775 602 818 666 ed
828 603 931 687 fleres
946 601 1142 687 putidumque
1162 604 1301 685 riporum

153 706 216 784 VI,
233 709 312 772 440:
331 705 461 770 detumit
476 707 663 791 adaequem
678 710 775 790 ponti.
796 703 863 783 III,
882 704 961 768 ⁷76:
978 706 1106 770 eoeubie
1122 707 1164 770 ad
1178 713 1302 772 Veneris

145 814 321 892 partemque
344 815 473 872 ferarum
501 833 563 874 esse
587 813 701 874 animas
728 816 830 891 presto
858 811 1059 874 deridiculum
1086 834 1149 874 esse
1171 814 1302 874 videtur.

151 935 185 976 v.
203 912 283 975 959:
310 936 365 978 neo
384 916 521 994 opinanti
540 935 619 977 mors
640 910 793 992 adrepet
814 915 944 976 adstitit.
974 932 1006 974 v.
1025 913 1122 976 1063:
1149 937 1240 994 agens
1266 949 1299 960 -

151 1013 327 1078 aderitum.
358 1013 420 1092 IV,
438 1015 517 1080 339:
541 1018 579 1079 ad
600 1039 654 1098 nos
674 1050 706 1061 -
725 1017 857 1077 advolat.
888 1035 918 1076 v.
936 1013 1014 1078 357:
1036 1018 1075 1080 ad
1094 1023 1211 1081 nostras
1224 1020 1303 1080 aries

150 1122 329 1202 perlabitur.
369 1115 412 1196 V,
441 1115 519 1180 7112
556 1121 678 1200 propius
712 1153 745 1161 -
776 1116 820 1180 ad
853 1114 951 1198 turrem
974 1116 1099 1180 dabitur.
1139 1116 1201 1196 IV,
1223 1120 1301 1182 389:

150 1227 258 1302 fugere
273 1219 316 1282 ud
322 1218 463 1301 puppim.
487 1241 520 1282 v.
536 1221 614 1284 896:
632 1223 816 1303 dispargitur
830 1220 873 1284 ud
879 1219 985 1300 partie
999 1225 1044 1284 ita
1057 1242 1190 1305 quaeque
1204 1220 1302 1284 mimu-

151 1329 212 1386 tor.
245 1344 277 1387 v.
296 1325 394 1387 1021:
412 1327 614 1406 praecipitent
628 1321 671 1384 ed
685 1327 808 1385 terrum.
837 1321 880 1400 V,
898 1324 996 1387 1001:
1014 1347 1144 1406 aequora
1157 1328 1304 1406 fligebant

151 1431 239 1492 naris
262 1425 304 1488 od
326 1446 414 1488 roeo.
445 1447 477 1487 v.
496 1427 596 1490 1081:
622 1429 797 1507 protrahere
818 1425 861 1488 ad
875 1430 993 1505 pestem
1017 1450 1135 1509 pueros.
1165 1425 1226 1504 VI,
1244 1429 1301 1490 53:

151 1535 368 1613 depressosque
397 1536 540 1611 premunt
568 1533 602 1620 qt
631 1533 753 1594 terrem.
798 1526 953 1592 boehm:
985 1527 1066 1608 „Ita
1094 1527 1129 1593 in
1158 1529 1302 1613 oblongo

151 1631 277 1715 scripta
298 1636 350 1694 est
368 1631 412 1694 ad
429 1627 643 1714 praepositio,
666 1629 700 1694 in
720 1625 880 1714 quadrato
896 1637 952 1694 u“.
984 1654 1015 1696 v.
1032 1634 1111 1697 464:
1132 1639 1217 1698 venti
1236 1659 1304 1717 por·

149 1744 255 1800 tontes
278 1740 386 1816 eoquat
409 1734 452 1796 ud
473 1755 588 1798 somma
609 1732 766 1796 eaeumima
785 1739 908 1800 montis.
938 1757 969 1798 v.
989 1735 1066 1800 733:
1092 1741 1136 1800 ibi
1159 1736 1303 1800 adultos

150 1843 284 1920 denique
304 1833 413 1898 moretis
437 1871 468 1882 -
492 1839 588 1902 nubes
608 1839 766 1916 coematur.
798 1855 831 1899 v.
849 1838 926 1900 662:
949 1837 992 1898 ed
1011 1838 1187 1922 eruebamque
1207 1845 1303 1922 magis

136 1947 268 2024 ‘quanto
283 1946 355 2002 suut
367 1941 451 2002 edita
466 1959 611 2019 quaeque.
642 1957 674 1999 v.
692 1939 771 2001 900:
793 1942 944 2000 mortemer
958 1938 1001 2000 ud
1017 1938 1247 2006 mummolinum
1266 1977 1298 1988 -

149 2048 321 2107 admoveas.
351 2060 383 2102 v.
402 2039 630 2121 lsssslrpromae
646 2036 801 2119 adportes
821 2076 853 2085 —
872 2043 1052 2104 insinuatus.

238 2143 272 2226 b)
300 2139 471 2204 Terminus
491 2136 712 2222 significatur,
737 2143 776 2202 ut
800 2139 842 2202 ed
860 2138 948 2204 idem
966 2139 1012 2204 sit
1032 2140 1121 2225 quod
1140 2144 1301 2228 usquead.

151 2246 215 2325 VI,
236 2247 332 2312 1168:
349 2249 458 2308 intima
472 2267 540 2326 pars
554 2247 712 2308 hominum
726 2229 798 2306 vero
810 2248 960 2326 'flagrabat
976 2245 1020 2306 ed
1033 2247 1112 2309 oure.

122 2385 125 2392 ·
239 2349 267 2431 o)
290 2347 341 2412 De
361 2344 471 2430 quiete
492 2343 623 2408 dieitur.
655 2344 717 2423 VI,
734 2346 834 2409 1062:
856 2351 1031 2414 obversetur
1050 2349 1093 2412 ed
1112 2349 1209 2414 auris.
1240 2350 1301 2430 VI,

150 2455 215 2517 694
231 2473 298 2535 sq.:
315 2455 427 2516 montis
442 2450 485 2514 ud
499 2455 562 2514 eius
577 2447 695 2512 redires
710 2453 825 2532 uergit
838 2455 957 2516 fluetus.
988 2473 1019 2514 v.
1039 2452 1056 2517 7
1060 2455 1116 2516 29:
1132 2459 1168 2518 fit
1183 2478 1303 2538 quoque

148 2562 198 2620 uti
214 2560 333 2639 pluviae
347 2592 380 2602 -
393 2559 489 2636 magis
504 2553 547 2618 ed
561 2557 653 2634 eume
668 2558 696 2616 ei
711 2558 794 2616 fiant.
817 2573 849 2616 v.
868 2553 928 2617 750
944 2559 1077 2620 Palladis
1092 2556 1135 2618 ed
1148 2559 1300 2639 tempium.

148 2681 183 2722 v.
202 2661 300 2725 1265:
320 2681 445 2741 eor-pora
458 2656 575 2720 silanos
590 2656 633 2718 ud
647 2680 793 2740 aquarum
807 2665 903 2723 strata
916 2663 1065 2724 iacebant.

237 2760 270 2845 d)
292 2758 422 2824 Dioitur
442 2758 481 2824 de
501 2764 664 2843 tempore,
690 2757 733 2824 ad
754 2759 841 2842 quod
860 2781 964 2844 usque
983 2760 1071 2825 aetio
1092 2768 1249 2846 protensa
1269 2770 1303 2828 et

147 2863 312 2952 produota
333 2870 385 2927 est
400 2863 444 2942 V,
460 2865 500 2928 39
522 2868 561 2929 ad
579 2868 733 2942 satiatem,
758 2861 876 2926 deinde
899 2861 997 2927 etiam
1018 2863 1058 2927 de
1081 2886 1119 2928 eo
1139 2870 1299 2950 tempore,

148 2966 241 3054 quod
268 2989 335 3032 non
364 2972 516 3030 aoourate
540 2965 711 3044 definitur,
743 2965 802 3030 sed
825 2970 958 3030 tautum
986 2987 1027 3030 ex
1056 2966 1302 3052 propinquitate

147 3070 289 3138 alieuius
305 3069 387 3134 eerti
401 3067 561 3134 momenti
576 3067 769 3154 designatur
784 3067 905 3153 (Hand.
924 3069 1066 3134 Tursell.
1083 3071 1112 3150 I,
1123 3094 1157 3155 p.
1168 3073 1221 3156 98)
1239 3071 1301 3151 VI,

148 3179 249 3241 1192:
268 3175 309 3238 od
323 3195 491 3256 urmeemrmr
507 3179 637 3256 denique
653 3179 768 3255 temper
784 3198 958 3257 conpressae
973 3198 1068 3238 nares.

235 3279 265 3361 e)
289 3274 576 3361 Comparationem
589 3275 637 3340 rei
657 3275 811 3360 exprimit
831 3296 905 3342 eum
926 3274 1050 3341 aliare.
1084 3277 1146 3358 VI,
1165 3281 1241 3344 613:
1260 3281 1302 3342 ed

145 3388 238 3448 maris
262 3386 364 3446 omnia
386 3401 529 3444 sommam
556 3385 658 3462 guttai
685 3385 735 3444 vix
762 3385 859 3444 instar
887 3390 976 3444 erunt
1005 3387 1094 3448 unius
1121 3388 1299 3467 adaugmen.

146 3509 179 3550 v.
198 3487 261 3550 679
277 3491 323 3550 nil
336 3489 399 3549 sint
414 3483 457 3547 ad
470 3488 613 3546 ateramum
628 3488 756 3549 summai
769 3489 865 3550 totius
881 3505 1004 3550 ommem.

233 3588 258 3672 ί)
276 3585 557 3671 Significationem
573 3586 675 3650 habet
689 3585 943 3671 praepositionis
957 3588 1131 3651 secumdum.
1153 3588 1202 3667 II,
1220 3592 1297 3655 281:

146 3699 232 3758 ouius
248 3691 291 3754 ad
304 3690 465 3756 urbitium
486 3715 606 3774 quoque
626 3696 713 3774 eopia
730 3696 866 3756 materiai
887 3696 1009 3772 cogitur¹
1025 3696 1106 3756 inter
1120 3697 1193 3756 dum
1207 3698 1298 3758 fleoti.

146 3819 178 3862 v.
196 3799 276 3862 379:
298 3819 396 3879 neque
416 3800 496 3858 faeta
510 3820 601 3860 mauu
616 3805 688 3859 sunt
707 3801 796 3860 unius
812 3794 854 3857 od
867 3793 1121 3879 eertumformem
1135 3801 1300 3878 primordia

145 3925 256 3966 rerum.
287 3897 355 3977 ΙΙΙ,
372 3901 450 3963 144:
468 3899 510 3961 ed
523 3920 633 3962 mmmm
648 3904 759 3964 mentis
774 3918 946 3981 momenque
960 3907 1107 3963 movetur.
1138 3897 1200 3976 IV,
1218 3900 1295 3963 361:

145 4011 181 4068 fit
196 4008 283 4088 quasi
298 4011 335 4066 ut
349 4001 392 4064 ad
406 3998 525 4064 torrorem
540 4027 677 4068 saxorum
692 4011 808 4068 structa
822 4011 952 4068 tuemur.

232 4105 271 4192 g)
296 4105 450 4170 Refertur
465 4102 621 4169 adfinem
636 4105 779 4192 aliquem
794 4111 830 4169 et
844 4127 940 4168 usum
955 4109 990 4168 et
1005 4104 1169 4182 effoetum,
1186 4103 1240 4167 vel
1256 4103 1299 4167 ad

145 4210 191 4289 id,
208 4207 302 4290 euius
318 4207 443 4273 ratione
459 4208 574 4274 habita
589 4207 712 4292 aliquid
728 4207 924 4287 affirmatur,
943 4229 1006 4291 quo
1022 4205 1190 4291 pertinent
1205 4229 1297 4291 prae-

146 4319 197 4376 ter
212 4311 278 4376 alia
294 4311 392 4376 etiam
409 4310 571 4376 adieetiva
581 4310 707 4376 eumad
722 4310 897 4380 coniuncta
913 4317 947 4374 et
962 4332 1040 4374 usus
1056 4309 1208 4392 gerundii
1223 4333 1295 4376 oum

147 4437 257 4500 praep.
285 4416 327 4478 ed
345 4413 400 4498 (of.
422 4415 532 4480 Hand.
554 4438 586 4500 p.
607 4418 691 4500 112).
721 4416 750 4494 Ι,
769 4417 845 4480 185:
867 4421 965 4498 spatio
986 4421 1064 4478 foret
1084 4440 1155 4478 usus
1174 4419 1296 4479 seminis
