3102 4988
264 399 325 460 154
542 415 583 460 nu
606 413 916 462 sruucmrromsus.
964 418 1035 464 err.
1060 419 1128 464 xrv.

265 586 324 664 Vl,
345 590 440 650 11663
463 597 554 670 etque
575 597 667 654 animi
689 617 824 674 prorsum
843 599 909 653 tum
924 596 1000 654 vires
1016 599 1120 669 totius,
1141 619 1228 657 omne
1244 599 1410 675 languebat

264 715 378 784 eorpus.
404 689 629 756 Wakefieldus
645 689 782 758 inseruit
798 699 871 766 ium,
890 693 977 776 quod
993 694 1123 776 gravius
1141 701 1192 757 est
1207 718 1305 778 quam
1321 693 1411 777 quod

263 791 343 855 Itali
358 792 482 857 habent
498 801 531 857 et
546 795 708 880 impressi:
726 806 817 880 atque
827 803 919 861 animi
928 822 1062 881 prorsum
1073 804 1149 862 vires
1159 805 1254 862 totius
1264 808 1295 862 et
1311 823 1409 860 omne.

262 895 460 978 Asyndeton
476 899 740 963 enunciationum
757 908 808 962 est
823 900 865 976 V,
883 903 966 964 1044
982 923 1031 982 sq.

348 1001 378 1061 3.
405 999 640 1065 Euoueiutioois
658 1003 858 1066 secundariae
884 1001 1040 1066 vicarium
1062 1009 1113 1066 est
1133 1003 1346 1085 participium.
1379 1002 1409 1075 1,

264 1103 336 1165 211:
355 1109 471 1166 Ennius
487 1111 615 1168 aeternis
627 1113 755 1190 exponit
770 1111 903 1170 versibus
919 1107 1019 1168 edens.
1049 1129 1080 1170 v.
1093 1108 1170 1169 190:
1189 1111 1413 1187 crescentesque

262 1229 357 1286 genus
376 1215 504 1270 servent.
535 1229 566 1270 v.
585 1212 661 1272 806:
684 1221 715 1273 et
734 1215 792 1273 nisi
811 1218 973 1292 tempestas
995 1215 1135 1292 indulget
1154 1218 1290 1292 tempore
1311 1215 1413 1271 fausto

263 1314 367 1390 solque
386 1334 439 1372 sua
458 1318 542 1392 parte
562 1317 644 1375 fovet
659 1317 827 1395 tribuitque
843 1317 981 1390 colorem,
1001 1317 1147 1376 imbribus
1163 1320 1194 1376 et
1209 1318 1279 1376 tabe
1295 1317 1414 1375 nimbo·

263 1437 329 1474 rum
349 1411 484 1474 amburit
504 1419 657 1492 vacillent,
678 1441 808 1480 creseere
828 1441 889 1479 non
909 1421 1026 1498 possint
1046 1423 1146 1498 fruges
1163 1421 1256 1493 cett,
1279 1413 1369 1496 adq.
1388 1414 1412 1476 l.

264 1513 417 1576 bsebm.:
435 1515 579 1594 „omnim
596 1517 715 1601 inquit,
731 1518 882 1582 imbrium
899 1517 1019 1600 frigore
1036 1518 1170 1580 ambusto
1187 1516 1345 1582 vacillent
1362 1525 1414 1580 at·

264 1638 326 1699 que
350 1624 509 1680 nutent.“
547 1619 649 1683 Verbi
679 1627 761 1684 sture
789 1643 863 1684 oum
890 1620 1061 1705 participio
1086 1620 1217 1703 passivo
1243 1619 1413 1684 eoniuneti

264 1720 412 1804 exempla
427 1721 522 1784 affert
536 1721 766 1788 Lachmannus
783 1723 823 1786 ad
839 1723 887 1801 II,
899 1727 971 1801 181,
990 1723 1119 1786 sed'hoo
1131 1724 1203 1787 loeo
1223 1747 1290 1788 non
1306 1723 1415 1786 minus

264 1845 359 1906 quam
383 1823 455 1886 loeo
480 1823 610 1906 gemino
636 1826 678 1903 V,
697 1829 756 1890 199
783 1849 855 1889 oum
879 1826 984 1906 Pollio
1005 1825 1126 1889 Philol.
1150 1825 1277 1903 XXVI,
1300 1849 1332 1908 p.
1351 1829 1415 1888 524

264 1933 441 2008 praeeunte
465 1927 609 2010 Bergkio
638 1928 844 1992 scribendum
874 1936 925 1992 est
953 1935 1067 1993 tantast
1092 1954 1126 1993 33
1143 1929 1289 2010 praedita
1315 1935 1414 2012 eulpa·

264 2030 406 2092 Restant
429 2030 493 2092 looi
524 2031 585 2109 VI,
610 2035 706 2096 1058:
734 2039 869 2096 Pondere
894 2039 973 2097 enim
987 2032 1096 2118 fretae
1120 2038 1231 2116 partim
1252 2038 1351 2110 343334,
1381 2037 1416 2094 34

264 2132 292 2210 l,
311 2135 389 2198 5643
416 2140 457 2196 114
471 2134 569 2219 fluite
585 2141 674 2199 simul
690 2139 856 2218 generatim
871 2146 1008 2219 tempore
1022 2141 1111 2200 rebus
1128 2135 1225 2197 Stare.
1258 2136 1287 2213 I,
1311 2138 1412 2198 1082:

264 2243 355 2300 medii
372 2243 539 2320 cuppedine
555 2238 665 2300 victae.
697 2238 745 2316 II,
759 2241 819 2302 27:
845 2249 970 2322 argento
980 2239 1125 2322 fulgenti
1139 2251 1270 2321 auroque
1286 2242 1415 2301 renidet.

265 2362 296 2401 v.
310 2342 385 2404 193:
403 2349 510 2423 sponte
526 2367 579 2404 sus
593 2349 689 2404 i’aoere
704 2347 737 2404 id
752 2347 815 2404 sine
830 2342 861 2404 vi
876 2342 1031 2422 3336193343
1044 2346 1212 2426 putandum
1223 2351 1277 2406 est.
1294 2363 1326 2404 v.
1340 2343 1414 2403 9343

264 2448 316 2507 sed
338 2449 425 2506 eitius
447 2449 560 2507 redunt
583 2450 769 2526 gravioribus
791 2452 980 2526 eueiiperato.
1013 2469 1044 2508 v.
1063 2448 1139 2509 320:
1163 2456 1194 2508 et
1214 2443 1324 2506 satiati
1344 2449 1416 2524 agni

265 2552 375 2610 ludunt
398 2552 568 2630 blandoque
592 2559 758 2612 coruscent.
795 2571 826 2611 v.
850 2551 929 2612 324:
956 2557 1109 2632 praeterea
1131 2571 1257 2629 magnae
1281 2551 1416 2628 legiones

265 2675 332 2713 eum
349 2656 414 2713 loca
428 2675 516 2713 eursu
532 2676 703 2734 camporum
720 2658 882 2735 eomplent,
898 2657 972 2715 belli
987 2649 1276 2715 simulacraeieotee.
1294 2670 1326 2709 v.
1338 2651 1412 2711 4883

265 2758 471 2816 transmutaris
486 2761 608 2818 dextera
623 2761 723 2820 laevis.
749 2778 779 2816 v.
799 2756 859 2818 637
870 2754 1023 2816 :simmei
1038 2761 1070 2819 in
1086 2778 1244 2818 numerum
1260 2757 1416 2836 pulsarent

264 2861 381 2920 aeribus
397 2881 472 2920 aera.
504 2856 551 2936 II,
569 2861 646 2922 853:
671 2867 887 2940 concoctosque
907 2883 960 2922 suo
982 2862 1175 2919 contractans
1196 2861 1320 2939 perdere
1341 2860 1414 2918 viro.

264 2983 295 3022 v.
309 2963 406 3024 10893
423 2967 465 3025 sie
479 2967 638 3025 hominum
648 2961 784 3041 penitam
800 2965 914 3044 prolem
930 2959 989 3043 (sio
999 2959 1160 3022 Marullus
1171 2950 1413 3042 proaemium).

265 3062 332 3141 III,
351 3065 427 3126 257:
451 3069 528 3126 hene
549 3069 665 3128 obrem
681 3069 775 3128 vitem
790 3069 948 3128 retinemu’
964 3063 1109 3125 33433433.
1143 3083 1240 3144 supra
1255 3081 1287 3123 v.
1306 3064 1368 3125 103
1386 3071 1417 3125 et

265 3192 326 3230 non
346 3176 391 3229 est
410 3176 512 3230 tamen
531 3174 604 3230 haec
626 3193 692 3251 pars
714 3173 776 3230 ulla
794 3165 936 3230 33433443.
968 3165 1130 3243 1115443
1153 3173 1256 3248 pereat
1278 3163 1415 3245 dispersa

265 3295 318 3353 per
337 3294 431 3332 suras.
462 3268 529 3347 III,
547 3272 625 3335 6943
653 3279 684 3335 34
707 3277 783 3354 lepis
808 3295 961 3352 expressus
985 3269 1105 3332 3344343
1129 3294 1145 3332 3
1169 3273 1306 3349 frugibus
1331 3291 1417 3350 asper

266 3371 325 3454 (sie
340 3371 476 3435 Lsohm.
497 3394 554 3456 pro
576 3373 707 3456 subitis).
739 3397 771 3437 v.
790 3374 867 3436 ⁷02:
892 3371 1069 3453 dispertitus
1090 3377 1171 3436 enim
1191 3375 1359 3456 perieulis
1380 3407 1412 3416 —

266 3480 400 3558 disperit.
431 3498 462 3538 v.
486 3479 583 3540 10643
609 3482 752 3540 auxilium
776 3482 865 3540 433413
889 3482 974 3560 qussi
998 3482 1073 3540 ferre
1097 3479 1273 3538 ardentibus
1296 3472 1417 3535 43334343

266 3577 325 3659 (sie
336 3584 498 3641 corrector
509 3578 660 3662 quadrati
670 3586 703 3642 et
714 3579 814 3643 ceteri
828 3601 886 3663 pro
896 3571 1016 3662 443433).
1039 3578 1099 3656 IV,
1112 3578 1186 3655 397,
1203 3599 1234 3639 v.
1246 3575 1417 3639 Winokel·

266 3703 374 3759 menn,
396 3681 498 3744 Beitr.
521 3704 579 3744 zur
594 3681 681 3745 Krit.
705 3682 762 3745 des
778 3683 876 3745 Luor.
893 3705 926 3765 p.
945 3684 994 3744 m.
1030 3680 1071 3757 V,
1090 3683 1187 3744 12693
1214 3685 1313 3743 nitido
1334 3677 1418 3762 eapti

266 3790 383 3869 levique
399 3791 509 3868 lepore.
539 3785 593 3849 Sic
608 3784 807 3848 Veronensis
824 3807 898 3848 oum
913 3782 1009 3848 Italis
1026 3790 1059 3846 et
1074 3783 1217 3846 Marullo
1233 3803 1291 3865 pro
1307 3780 1415 3862 rapiti.

267 3888 328 3966 VI,
346 3891 407 3952 129
423 3896 513 3952 seissa
528 3890 686 3972 Bernays
717 3912 748 3952 v.
768 3892 844 3953 554:
866 3898 902 3952 ut
920 3894 1051 3952 iactetur
1071 3911 1164 3970 aquae
1185 3893 1280 3950 fluctu
1295 3909 1416 3968 qnoque

266 4001 345 4056 terre
360 3991 521 4054 3331443333.
555 3991 607 4054 Sie
625 3998 789 4056 corrector
804 3989 955 4075 quadrati
971 3997 1004 4053 et
1020 3988 1183 4052 Aventius
1198 4009 1257 4072 pro
1273 3987 1415 4050 oueidm.

272 4093 405 4168 Veciliot
426 4100 590 4158 corrector
612 4095 747 4178 oblongi
770 4101 803 4158 et
825 4093 904 4157 olim
918 4092 1078 4178 impressi,
1096 4091 1221 4153 33314434
1236 4089 1415 4154 Antonius.

268 4219 297 4260 v.
322 4201 396 4260 563:
425 4205 570 4263 inclinate
593 4209 694 4262 meunt
717 4205 749 4263 in
774 4203 899 4262 eandem
916 4197 1043 4278 prodita
1068 4204 1194 4278 partem.
1226 4192 1417 4258 Quadratus

171 4325 174 4334 ¹
264 4301 378 4381 prodii.
402 4339 431 4346 -
461 4324 493 4364 v.
513 4305 572 4366 723
594 4309 735 4365 exoriens.
767 4325 799 4366 v.
818 4304 893 4366 9973
920 4306 952 4364 id
975 4306 1039 4363 fieri
1063 4305 1146 4380 cogit
1169 4310 1278 4361 natum
1301 4303 1418 4360 viarum

266 4410 454 4468 multimodis
469 4406 604 4469 vorione.
631 4429 662 4468 v.
683 4409 779 4469 1062:
797 4413 1020 4486 interutrasque
1036 4404 1147 4466 loreto.
1179 4424 1212 4463 v.
1231 4403 1328 4464 11413
1347 4424 1417 4464 num
