3102 5002
409 455 506 501 orsus
523 453 825 500 sursraurrvoaun.
857 454 1008 499 narrvus.
1241 433 1282 498 41

129 627 303 709 eleganter
321 624 424 704 asadia.
457 647 489 686 v.
508 627 587 688 463:
609 649 685 707 quae
700 629 812 688 violare
829 629 920 687 fidem
936 629 1020 706 quasi
1035 622 1171 685 aeacidae
1186 627 1287 686 omnia
1371 635 1373 640 '

128 737 291 812 quaerunt.
323 749 354 789 v.
373 729 449 790 564:
476 732 601 790 verbum
625 751 713 810 saepe
736 751 831 789 unum
855 731 969 809 perciet
992 731 1071 788 auris
1096 723 1230 788 marcio
1253 731 1286 788 in

80 905 83 910 Ι
129 836 254 915 populo.
285 851 317 891 u.
335 832 414 893 641:
436 839 468 892 at
488 829 589 910 capris
604 834 708 912 adipes
728 836 759 891 et
780 827 985 890 coturnicibus
1004 835 1104 909 auget.
1135 849 1167 889 v.
1186 830 1283 890 1064:

129 939 244 1017 pabula
258 938 366 996 amoris
382 931 549 993 absterrere
562 930 632 994 sibi.
654 953 685 993 v.
699 933 798 994 1233:
816 936 888 994 Nec
898 936 1000 993 divina
1013 939 1112 993 satum
1122 935 1287 1010 genitalem

128 1041 257 1100 numina
272 1033 412 1117 eaiqaam
427 1030 605 1096 absteireot.
630 1055 661 1095 v.
675 1035 773 1096 106⁷:
791 1041 822 1096 et
837 1057 953 1096 servare
968 1031 1027 1094 sibi
1042 1057 1143 1095 euram
1158 1041 1286 1095 certum·

129 1164 188 1221 qne
214 1143 359 1200 dolorem.
397 1159 430 1198 v.
456 1137 556 1198 1098:
587 1142 724 1200 ardorem
754 1141 806 1217 qui
837 1133 974 1197 membris
1004 1141 1157 1216 stinguere
1181 1140 1286 1217 possit.

128 1263 160 1302 v.
182 1241 283 1303 1259:
301 1263 458 1320 crassaque
473 1244 657 1301 conveniant
672 1235 800 1320 liquidis
815 1249 846 1300 et
861 1241 978 1319 liquida
993 1237 1113 1298 crassis.
1135 1259 1168 1299 v.
1187 1238 1284 1299 lael:
1354 1263 1358 1272 ⁴

128 1366 261 1424 namque
276 1347 342 1405 aliis
357 1345 446 1402 rebus
462 1350 659 1404 concrescunt
674 1344 787 1402 semina
807 1338 943 1401 membris
958 1344 1040 1401 cett.
1059 1338 1101 1416 V,
1119 1341 1175 1402 15:
1200 1345 1288 1402 Ceres

128 1452 228 1508 fertur
243 1450 343 1525 fruges
365 1479 395 1488 -
415 1441 595 1505 mortalibus
609 1448 787 1506 instituisse.
818 1442 861 1520 V,
880 1443 956 1505 174:
978 1446 1088 1523 quidve
1102 1447 1175 1504 mali
1189 1448 1288 1505 fuerat

128 1545 217 1608 actis
241 1570 302 1608 non
326 1569 388 1608 esse
413 1543 547 1607 creatis?
575 1567 606 1606 v.
633 1547 694 1608 300
720 1565 787 1627 sq.:
813 1549 1007 1626 usqueadeo
1032 1552 1228 1627 properanter
1251 1549 1288 1606 ab

128 1654 272 1712 omnibus
285 1653 408 1729 ignibus
419 1646 583 1710 eiexitium
593 1651 682 1710 celeri
692 1653 808 1710 celatur
818 1651 933 1728 origine
942 1652 1088 1724 fiammae,
1105 1668 1136 1708 v.
1148 1645 1285 1707 Laelrm.

127 1771 161 1814 v.
187 1751 266 1813 373:
288 1755 364 1812 haut
384 1754 480 1830 igitur
500 1755 555 1812 leti
576 1755 731 1832 praeclusa
750 1759 797 1812 est
817 1755 908 1812 ianua
927 1747 1022 1811 caelo.
1059 1771 1089 1810 v.
1112 1750 1211 1811 1052:
1232 1771 1288 1810 nee

127 1858 249 1916 ratione
264 1856 370 1914 docere
385 1857 449 1914 ulla
463 1851 651 1934 madereque
672 1851 785 1914 sardis.
817 1874 848 1914 v.
868 1854 967 1914 1082:
992 1860 1023 1914 et
1045 1875 1136 1933 quom
1151 1855 1288 1912 deriotu

127 1962 250 2018 certant
258 1953 456 2036 praedaeque
471 1963 644 2036 repugnant
660 1953 765 2036 (velut
780 1953 880 2035 angui
896 1955 1017 2036 capto).
1044 1953 1097 2016 Sic
1109 1931 1284 2015 iivantius.

127 2079 159 2119 v.
184 2057 286 2120 1267:
316 2060 466 2137 silvasque
488 2066 522 2118 ut
544 2061 666 2119 caedere
687 2066 811 2139 possent
831 2062 1048 2138 materiemque
1068 2055 1166 2127 domo,
1189 2061 1287 2118 levare

127 2184 162 2222 ae
178 2163 284 2221 radere
304 2163 400 2238 tigna.
432 2156 485 2220 Sic
507 2156 739 2221 Lachmannus
756 2156 856 2221 dandi
876 2179 951 2220 casu
972 2180 1048 2241 pro:
1071 2163 1287 2239 materiemque
1362 2233 1365 2240 Δ

12 2307 13 2314 .
127 2267 251 2326 dolaret
266 2265 364 2323 levare
380 2283 414 2323 ac
428 2266 532 2323 radere
547 2265 643 2342 tigna.
664 2283 697 2323 v.
709 2261 807 2323 1312:
826 2267 879 2342 qui
893 2260 1079 2324 moderarier
1092 2259 1140 2322 lais
1154 2269 1286 2343 possent.

127 2363 194 2440 VI,
207 2365 284 2426 663:
303 2371 335 2426 et
350 2367 422 2426 satis
437 2369 511 2426 haec
526 2367 618 2426 tellus
634 2361 699 2424 orbi
712 2369 888 2446 caelumque
903 2369 977 2426 mali
991 2369 1059 2426 fert.
1084 2360 1137 2425 sio
1147 2361 1285 2424 Lachm.

12 2487 13 2518 1
126 2487 189 2550 pro
204 2463 310 2527 morbi.
344 2485 374 2526 v.
394 2465 470 2528 729:
492 2471 527 2528 fit·
548 2489 669 2547 quoquo
689 2471 737 2528 uti
752 2470 882 2548 pluviae,
904 2471 1014 2542 forsan,
1030 2469 1126 2546 magis
1142 2469 1180 2527 ad
1196 2472 1288 2546 capnt

127 2569 157 2630 ei
172 2577 310 2650 tempore
330 2591 365 2629 eo
384 2573 468 2630 fiant.
498 2566 653 2629 Lachmz
676 2566 782 2644 „Itali
804 2572 838 2630 et
853 2567 1017 2630 Marullus
1033 2566 1110 2628 eiua.
1134 2563 1287 2628 correcti-

12 2645 13 2716 l
128 2668 203 2732 onia
229 2689 361 2731 causam
385 2689 451 2730 non
475 2668 653 2752 perspicio,
686 2674 721 2732 et
750 2669 972 2752 quaerendum
1001 2675 1082 2751 puto
1113 2667 1185 2750 quis
1210 2674 1287 2730 ante

127 2769 277 2834 Hirtium
302 2769 477 2832 Horatium
503 2770 688 2854 Vergilium
712 2770 903 2834 Vitruvium
931 2770 1052 2833 dixerit
1075 2780 1167 2854 eaput
1190 2775 1287 2834 amnis

125 2880 239 2951 fontis,
263 2877 378 2950 Rheni,
402 2872 558 2954 genetivo
587 2872 712 2936 addito.
743 2895 841 2956 supra
864 2895 961 2936 versu
986 2875 1047 2936 636
1076 2882 1108 2936 et
1135 2878 1173 2936 ad
1196 2880 1288 2955 caput

127 2976 270 3039 amnibus
291 2980 388 3039 omnis
409 2980 572 3039 Conficit.“
604 2997 634 3038 v.
653 2978 732 3040 ⁷55:
758 2982 811 3040 sed
834 2985 944 3039 natura
966 2981 1025 3038 loci
1049 2981 1079 3039 vi
1102 2973 1169 3036 ibas
1193 2979 1287 3037 officit

126 3085 195 3162 ipsa
218 3087 334 3160 suapte.
365 3076 420 3140 Sic
440 3077 577 3140 Lachm.
604 3100 662 3162 pro
684 3106 706 3143 s.
729 3105 758 3142 n.
781 3085 801 3142 1.
827 3083 921 3142 efficit
943 3084 1009 3161 ipsa
1028 3087 1144 3160 suapte.
1174 3099 1207 3138 v.
1225 3078 1287 3140 974

125 3185 270 3262 Denique
294 3185 491 3243 amaricinnm
515 3186 630 3262 fugitat
653 3207 702 3244 sus
727 3189 759 3245 et
782 3186 873 3244 timet
897 3205 986 3243 omne
1009 3189 1193 3260 ungentum:
1218 3203 1287 3242 nam

125 3281 289 3363 saetiqeria
308 3281 399 3344 arabas
417 3303 485 3345 acre
505 3291 695 3346 venenumst.
726 3305 757 3346 v.
782 3285 882 3346 1092:
907 3287 1024 3346 cladem
1051 3317 1081 3328 ν
1103 3287 1230 3344 conflare
1251 3318 1282 3326 -

127 3390 289 3449 hominum
300 3383 407 3463 peracri
422 3389 633 3467 pecudumque
649 3385 790 3447 calaris.
820 3371 856 3447 v.
871 3387 952 3448 1131
970 3406 1019 3466 sq.
1037 3390 1122 3447 venit
1138 3383 1232 3444 bubus
1251 3421 1282 3428 -

126 3511 218 3570 saepe
234 3490 385 3568 pestilitas
401 3495 432 3548 et
447 3492 507 3549 iam
517 3486 619 3566 piprc's
635 3487 810 3550 balantibus
825 3513 939 3570 aegror.
955 3509 988 3548 v.
1000 3488 1099 3549 1135:
1117 3511 1155 3549 an
1172 3490 1288 3550 eaelum
1410 3568 1414 3574 ι

126 3589 214 3651 nobis
235 3626 266 3634 -
287 3592 412 3651 deferat.
442 3610 474 3650 v.
493 3590 592 3652 1170:
616 3595 661 3652 nil
676 3595 751 3652 adeo
767 3614 868 3672 posses
890 3589 1030 3672 cuiquam
1052 3595 1117 3652 leve
1137 3597 1287 3670 tenveque

125 3690 265 3753 membris
286 3701 403 3753 vertere
423 3695 457 3754 in
476 3696 653 3754 utilitatem.
690 3691 747 3754 L.:
775 3690 946 3769 „Frustra
972 3689 1036 3754 nisi
1060 3689 1169 3769 fallor,
1190 3690 1287 3754 Lam·

126 3792 226 3856 binus
242 3791 435 3884 quicquamst
466 3815 498 3854 v.
517 3795 616 3856 1232:
633 3793 724 3856 morti
740 3800 901 3858 damnatus
915 3803 952 3857 ut
967 3801 1054 3858 esset.

214 3893 328 3956 Verba
356 3892 456 3956 dandi
486 3901 522 3957 et
550 3893 730 3958 adimendi:
761 3895 789 3973 Ι,
817 3899 872 3959 28:
899 3896 1056 3959 dediciis
1083 3931 1114 3944 ·-
1144 3901 1286 3978 leporem.

12 3987 13 4050 l
124 4021 158 4060 v.
180 3999 256 4060 100:
279 4001 378 4060 exitus
398 4005 434 4060 ut
454 3995 548 4073 classi
568 4002 640 4060 felix
660 4003 836 4081 faustusque
856 4000 993 4061 daretur.
1025 4021 1056 4060 v.
1075 4000 1137 4062 936
1154 4017 1220 4079 sq.:
1239 4005 1287 4062 vel

125 4105 174 4164 uti
188 4099 299 4180 pueris
321 4102 474 4162 absinthia
498 4135 528 4145 -
551 4123 619 4162 cum
640 4101 715 4162 darc
736 4111 893 4164 conantur.
923 4121 956 4163 v,
974 4103 1052 4164 992:
1074 4101 1286 4185 requies-daia

124 4207 346 4286 principiorum
362 4201 535 4281 corporibus
550 4208 675 4266 nullast.
708 4202 755 4280 II,
774 4204 852 4267 187:
875 4230 913 4267 ne
934 4203 991 4265 tibi
1010 4205 1082 4266 deci
1102 4209 1134 4267 in
1155 4228 1189 4266 eo
1204 4189 1287 4267 ilam-

124 4329 245 4368 marum
269 4328 395 4386 corpora
418 4309 563 4368 fraudem.
603 4304 666 4381 IV,
693 4307 771 4368 995:
787 4305 891 4390 j'aqae
915 4291 999 4389 quasi
1023 4305 1127 4368 deutra
1152 4316 1285 4369 cernant.

125 4407 171 4485 V,
187 4407 268 4470 970:
285 4411 437 4471 silvestria
451 4411 586 4471 membra
605 4413 688 4471 nuda
702 4408 818 4470 debari
833 4412 945 4474 terrae.
976 4429 1009 4471 v.
1028 4409 1125 4471 1000:
1148 4433 1208 4472 una
1223 4413 1286 4474 dies
