3102 5000
264 387 303 451 72
679 405 833 447 roseros.
860 403 931 448 our.
949 403 996 446 rv.

262 576 305 638 od
320 575 441 638 cobirac.
473 574 535 652 IV,
554 577 630 639 831:
648 580 745 638 facere
761 575 803 636 cd
816 573 913 636 citum,
930 612 963 621 -
983 599 1058 657 quae
1066 574 1156 659 soret
1171 595 1253 637 caue.
1285 573 1334 652 11,
1352 577 1408 638 20:

263 687 433 760 corpoream
448 677 490 740 ad
504 683 647 740 occuram
662 701 757 761 pauca
772 682 907 742 videmus
923 699 997 759 opas
1012 699 1084 741 cese.
1110 677 1171 756 VI,
1189 679 1266 740 365:
1285 702 1411 761 quorum

262 790 424 864 uerumque
444 801 518 861 opus
540 785 585 842 est
594 779 789 865 fabricanda
805 781 847 843 od
856 780 1000 866 fabrico
1015 786 1098 845 nubi.
1113 809 1115 816 ·
1128 780 1158 858 I,
1178 782 1252 845 750:
1275 785 1356 864 quod
1372 780 1414 842 cd

166 931 168 937 -
261 905 366 948 seneca
380 888 497 946 costroe
512 889 671 948 minimum
686 908 749 946 esse
764 887 893 948 videtur.
927 883 994 962 III,
1012 885 1088 948 397:
1111 892 1157 948 est
1172 889 1289 948 enimus
1308 921 1341 930 —
1361 888 1413 948 do·

170 997 181 1014 '
262 992 427 1052 minanbior
453 986 495 1048 ad
516 985 610 1050 vitam
634 1009 723 1070 quam
746 985 792 1049 cie
815 992 935 1058 animai.
965 987 1013 1065 II,
1037 988 1135 1052 1027:
1161 992 1292 1052 difficilis
1318 1023 1350 1034 -
1375 992 1413 1051 ad

263 1096 456 1156 credendum.
482 1087 525 1166 V,
543 1091 599 1152 80:
617 1089 766 1170 moriqerc
781 1089 941 1176 adfrcqee
956 1091 1111 1171 auqeodcs
1126 1099 1217 1174 abque
1233 1089 1411 1153 animastis.

262 1192 323 1272 VI,
342 1195 418 1258 774:
446 1197 536 1273 aprus
561 1229 594 1239 -
618 1193 661 1255 ad
677 1198 753 1257 ribai
778 1192 937 1256 rationem.
968 1192 1132 1272 III,214;
1155 1199 1200 1258 nil
1220 1199 1264 1259 ibi
1284 1199 1414 1257 libatum

263 1302 301 1361 de
316 1303 385 1361 boto
400 1320 524 1379 corpore
539 1320 642 1359 cernas
657 1297 700 1358 cd
713 1294 856 1378 speciem,
878 1301 922 1359 nil
938 1297 979 1358 cd
987 1296 1121 1377 pondus.
1152 1295 1195 1375 V,
1214 1300 1289 1360 569:
1314 1302 1359 1361 nil
1374 1297 1416 1359 cd

262 1399 388 1483 speciem
410 1409 456 1464 esb
477 1403 660 1462 contractior
678 1404 780 1481 ignis'
798 1398 866 1476 III,
884 1401 961 1464 238:
987 1424 1043 1464 nec
1062 1409 1164 1464 tamen
1184 1406 1257 1464 haec
1276 1408 1323 1464 sat
1343 1383 1415 1463 eunt

262 1505 305 1567 cd
318 1525 436 1566 seucum
451 1510 562 1566 cuncte
576 1501 750 1564 meandum.
781 1522 814 1564 v.
832 1504 910 1566 618:
932 1509 957 1566 si
978 1529 1039 1568 non
1055 1513 1137 1568 certa
1152 1510 1218 1568 loca
1232 1503 1275 1566 ad
1288 1523 1414 1566 aaaron·

263 1608 334 1670 dom
353 1611 474 1671 seddim
493 1611 601 1689 cuique
623 1589 703 1669 eund.
734 1603 802 1682 III,
819 1606 896 1668 833:
921 1605 963 1668 ad
984 1606 1203 1692 cccfliycodcm
1222 1611 1415 1671 venientibus

262 1715 397 1793 undique
427 1714 545 1774 Poenis.
581 1706 642 1785 VI,
661 1708 738 1771 473:
774 1707 817 1769 ad
844 1707 934 1771 cubis
962 1711 1118 1790 crryecdae
1146 1717 1244 1775 mulce
1272 1715 1416 1774 videntur

263 1837 349 1897 posse
375 1849 407 1858 -
434 1835 621 1894 consurgere.
652 1809 715 1888 IV,
734 1810 811 1874 708:
838 1817 1024 1904 couveniens
1046 1814 1089 1877 cd
1111 1835 1215 1876 aeaeae
1243 1853 1275 1860 -
1304 1835 1414 1876 omnes.

263 1915 307 1994 V,
325 1916 423 1980 1415:
440 1920 584 1979 immuba‘c
599 1939 702 1978 sensus
724 1913 766 1976 ad
780 1913 917 1996 pristina
937 1938 1080 2001 quaeque.
1113 1916 1174 1995 VI,
1191 1921 1225 1981 9:
1248 1917 1290 1980 ad
1303 1915 1423 1979 viciam*

263 2045 339 2104 quae
353 2024 473 2102 flagitat
487 2042 569 2082 usus.

352 2121 387 2205 h)
404 2119 586 2206 Separatim
609 2141 827 2184 commemoro
847 2120 1032 2186 locuciones
1054 2143 1132 2196 ease,
1153 2121 1300 2201 attinere,
1316 2123 1417 2204 pcrti-

263 2235 335 2289 πονε
353 2225 395 2287 ad
414 2223 546 2308 aliquid.
579 2223 646 2302 III,
664 2225 742 2288 830:
770 2229 825 2287 Nil
847 2229 943 2308 igitur
961 2251 1041 2290 mors
1064 2231 1108 2289 ccl
1129 2225 1172 2288 cd
1189 2245 1253 2290 noa.
1284 2246 1317 2288 v.
1336 2228 1414 2290 845:

263 2334 308 2394 nil
328 2337 431 2392 bamen
452 2332 496 2389 eat
511 2326 561 2389 od
574 2347 639 2389 noa.
670 2349 701 2389 v.
721 2328 797 2390 926:
821 2333 920 2394 multo
939 2334 1035 2411 igicur
1049 2335 1177 2398 mortem
1192 2334 1292 2393 minus
1307 2329 1350 2392 ad
1364 2348 1418 2391 nos

261 2451 324 2496 ecce
349 2434 556 2516 putandumst.
587 2451 619 2491 v.
638 2429 715 2493 972:
741 2436 855 2514 respice
880 2457 1023 2515 -quam
1046 2437 1092 2496 nil
1115 2433 1157 2495 cd
1178 2453 1232 2495 coa
1255 2440 1326 2496 anbe
1350 2442 1418 2495 acta

261 2544 397 2600 vetustas
421 2538 566 2617 temporis
590 2538 705 2597 asberni
721 2531 839 2618 fcerit.
885 2557 918 2598 v.
942 2537 1019 2599 850:
1050 2541 1203 2619 pertineat
1230 2573 1261 2582 -
1291 2539 1329 2598 cd
1352 2560 1416 2599 nos.

262 2637 325 2717 VI,
343 2640 405 2702 938
422 2658 488 2721 sq.:
516 2660 698 2720 quemquam
717 2637 831 2700 malias
849 2643 908 2702 hoo
921 2637 1059 2719 pertinet
1079 2639 1120 2701 ad
1140 2659 1332 2716 manescere,
1348 2663 1418 2703 cum

263 2747 367 2827 primis
391 2741 469 2803 banc
489 2741 613 2803 adrem
637 2776 669 2787 -
695 2739 803 2821 abeam.
835 2740 903 2819 III,
926 2743 1003 2804 852:
1032 2747 1077 2806 nil
1096 2741 1139 2804 ad
1158 2763 1212 2806 coa
1236 2780 1268 2789 —
1292 2741 1416 2805 accinet.

263 2845 326 2924 IV,
345 2847 400 2908 29:
419 2848 500 2927 quod
521 2879 551 2892 -
572 2842 615 2906 cd
628 2843 683 2905 das
698 2864 746 2905 rea
761 2843 884 2907 attinet.

349 2947 515 3010 Adversum
540 2945 732 3010 adverbium
758 2951 809 3009 est
832 2946 875 3025 V,
899 2948 999 3011 1319:
1035 2947 1192 3010 emersam
1215 2953 1417 3012 venientibus.

265 3047 470 3134 Praepoeibio
486 3047 549 3126 IV,
567 3051 645 3112 445:
668 3055 763 3114 labier
778 3049 936 3114 adversum
951 3049 1075 3114 nimbos.
1107 3048 1149 3128 9,
1167 3052 1244 3115 310:
1266 3051 1419 3114 Adversus

265 3166 391 3221 naturae
396 3152 530 3238 foedera
546 3158 614 3216 nisi.

351 3257 432 3320 Acte
447 3253 638 3338 saepissime
659 3261 711 3318 esc
726 3254 931 3334 adverbium,
955 3255 1001 3319 sic
1016 3255 1046 3334 1,
1064 3257 1141 3321 233:
1159 3265 1240 3322 estes
1256 3261 1328 3320 arabe
1341 3267 1418 3320 acea.

265 3385 297 3426 v.
317 3361 395 3424 234:
422 3363 494 3422 cate
517 3366 586 3422 acca
604 3367 713 3423 aetate.
744 3380 776 3421 v·
794 3361 871 3423 558:
900 3363 971 3422 aare
990 3365 1051 3424 acti
1070 3366 1224 3445 bem'poris.
1254 3358 1322 3438 ΠΙ,
1339 3360 1417 3424 679ι

267 3485 358 3546 saper
372 3467 445 3525 cote
459 3471 558 3526 accam
573 3471 713 3528 accusem.
743 3485 776 3526 v.
794 3463 872 3526 832:
890 3468 1045 3528 successo
1065 3499 1095 3510 -
1115 3472 1261 3548 tempore.
1294 3485 1326 3526 v.
1344 3465 1417 3528 935:

267 3575 332 3633 viba
351 3571 423 3630 accc
443 3574 518 3630 scca.
549 3564 578 3644 I,
597 3569 673 3630 292:
697 3570 827 3631 trudunt
846 3591 892 3632 res
912 3571 995 3630 cate.
1026 3589 1058 3630 v.
1075 3569 1153 3631 429:
1177 3572 1268 3649 paulo
1287 3573 1419 3632 ostendi-

267 3699 334 3739 mus
356 3675 439 3734 cade.
470 3691 502 3733 v.
521 3670 597 3735 907:
620 3676 710 3755 paulo
732 3675 813 3754 quod
828 3673 957 3736 diximus
973 3675 1055 3732 acie.
1087 3669 1135 3749 II,
1153 3671 1320 3753 764pau10
1335 3675 1417 3733 cota.

268 3777 297 3856 1,
316 3778 376 3842 541
395 3779 429 3838 cb
444 3772 487 3852 V,
504 3774 566 3837 338
582 3782 653 3838 ante
668 3780 733 3838 hac.
764 3773 793 3852 I,
811 3775 888 3837 858:
911 3782 1008 3838 testor
1022 3799 1068 3838 res
1083 3779 1155 3836 aste
1169 3778 1319 3858 probatas.
1349 3771 1418 3851 111,

270 3882 347 3946 538:
365 3883 522 3944 nimirum
538 3886 573 3942 ub
589 3882 718 3941 diximus
734 3882 817 3939 acte.
848 3899 879 3940 v.
898 3879 976 3942 852:
999 3883 1070 3940 aare
1092 3882 1144 3960 qui
1159 3882 1280 3942 fuimus.
1324 3875 1419 3939 simi-

270 3983 347 4048 liber
367 4005 399 4046 v.
417 3984 495 4046 868:
521 4005 620 4064 neque
643 3985 740 4046 hilum
765 3984 884 4046 differre
907 3986 979 4043 onte
1002 3986 1066 4044 ullo
1089 3986 1181 4045 fuerit
1203 3986 1264 4045 iam
1284 3988 1420 4064 tempore

270 4096 369 4154 nasus.
399 4084 467 4164 III,
485 4087 546 4149 959
563 4106 612 4169 sq.
634 4092 704 4149 anie
724 4109 828 4167 quam,
851 4083 939 4168 quod
959 4082 1082 4166 legitur
1097 4083 1198 4148 etiam
1212 4083 1274 4162 VI,
1292 4083 1352 4147 179
1369 4104 1418 4165 sq.

271 4195 333 4258 901
350 4211 399 4274 sq.
417 4191 479 4254 463
497 4193 582 4269 (ante
601 4226 634 4235 —
654 4192 768 4271 quam).
799 4186 866 4266 ΙΙΙ,
885 4188 946 4251 979
963 4207 1011 4269 sq.
1024 4209 1030 4247 :
1054 4192 1167 4270 respice
1181 4191 1256 4252 icem
1271 4211 1362 4271 quam
1376 4191 1420 4250 nil

272 4301 310 4361 ad
331 4319 386 4361 nos
408 4297 479 4355 aure
498 4300 566 4356 acte
580 4299 715 4356 vetusius
734 4297 879 4376 temporis
900 4295 1016 4356 aeterni
1034 4295 1140 4368 fuerit,
1165 4311 1253 4374 quam
1271 4294 1420 4355 nascimur

273 4404 357 4473 aare,
375 4395 415 4460 de
432 4417 495 4480 quo
511 4396 583 4459 loco
600 4393 674 4460 vide
690 4394 800 4459 Hand.
817 4392 957 4458 Turseli.
974 4392 1004 4472 I,
1020 4414 1052 4478 p.
1071 4395 1148 4457 395:
1165 4393 1419 4478 „Transponum
