3102 5002
259 412 299 472 20
667 429 838 472 snesranr.
865 430 938 473 car.
963 431 1014 473 111.

260 596 410 677 aaaqaiae
440 604 549 662 maesti
580 608 785 681 conspergunt
815 624 878 663 aras
904 605 1087 683 adolentque
1112 607 1219 664 altaria
1249 601 1354 673 donia,
1387 612 1424 664 ut

260 706 398 782 gravidas
414 706 544 764 reddant
559 726 666 765 uxores
686 701 798 763 reaiae
814 701 910 781 turpe.
936 725 967 763 v.
987 705 1085 766 1253:
1104 709 1202 782 parta
1223 739 1253 750 -
1276 709 1424 767 ditescere

260 803 355 865 dalei.
386 826 416 864 v.
440 805 540 866 1256:
559 804 666 883 quatis
687 789 805 868 munire
827 818 988 868 senectam.
1018 828 1049 867 v.
1075 809 1173 869 1261:
1196 830 1326 888 namque
1347 805 1424 868 aliie

196 983 199 990 .
259 906 348 968 retae
364 916 562 970 concrescunt
578 913 693 970 semina
707 912 860 985 membris,
883 916 975 992 atque
995 907 1069 969 aliie
1085 918 1286 972 extenvantur
1301 912 1419 972 tabent-

260 1034 318 1090 que
336 1015 477 1073 vicissim.
495 1032 526 1072 v.
541 1011 638 1073 127οε
657 1009 799 1072 etaaibar
814 1016 879 1093 ipsa
894 1016 950 1073 viri
967 1017 1115 1073 Venerem
1130 1017 1155 1073 si
1171 1016 1251 1074 lacta
1265 1020 1422 1074 retractat.

260 1132 291 1173 v.
311 1113 409 1175 1278:
433 1118 498 1175 Nec
520 1117 666 1175 divinitus
686 1117 768 1176 inter
788 1119 860 1176 dum
876 1119 1061 1194 Venerisque
1082 1113 1204 1192 raqittie
1223 1117 1372 1177 deteriore
1387 1120 1452 1176 fit-

259 1225 296 1277 ut
311 1222 407 1278 forma
421 1220 600 1278 muliercula
615 1223 741 1278 ametur.
767 1238 798 1277 v.
818 1219 898 1278 1280
917 1237 983 1297 sq.:
1002 1239 1071 1278 nam
1089 1222 1161 1279 facit
1176 1221 1243 1298 ipsa
1257 1215 1324 1278 raia
1339 1221 1423 1280 inter

260 1321 334 1380 dum
349 1317 571 1401 feminafactie
587 1317 803 1401 aeriperiaquc
818 1317 914 1380 medie
930 1327 961 1382 et
976 1323 1088 1382 munde
1105 1340 1227 1399 corpere
1237 1319 1320 1380 catto
1338 1324 1422 1381 cett.

261 1443 291 1482 v.
312 1423 409 1484 1284:
433 1425 515 1502 quod
535 1420 636 1482 crebre
658 1425 800 1484 tunditur
819 1421 894 1482 ieta.
921 1421 964 1497 V,
982 1425 1016 1486 5:
1039 1427 1091 1503 qui
1107 1426 1181 1483 talia
1197 1426 1284 1484 nobis
1300 1427 1426 1502 pectore

261 1533 348 1607 parta
370 1545 424 1584 aaa
441 1529 637 1605 quaesitaque
654 1529 786 1606 praemia
801 1529 914 1606 liquit?
938 1546 969 1584 v.
987 1526 1042 1585 50:
1066 1530 1216 1606 expulerit
1232 1524 1337 1595 (lictis,
1360 1549 1425 1588 non

263 1625 368 1687 armis.
393 1649 424 1686 v.
445 1628 523 1688 121:
548 1631 722 1690 inmortalia
741 1626 865 1688 mortali
885 1647 1018 1688 aeratoae
1038 1636 1188 1689 notantes.
1212 1649 1244 1688 v.
1264 1629 1341 1689 210:
1360 1652 1426 1690 ver·

263 1739 364 1792 tentes
380 1735 623 1811 aaaeaeglebas.
648 1751 679 1790 v.
698 1730 774 1791 233:
794 1729 861 1812 qaia
877 1755 930 1792 sua
945 1738 1094 1793 tutentur.
1119 1752 1150 1790 v.
1170 1730 1246 1792 267ι
1265 1721 1426 1811 rataeque
1542 1783 1543 1814 p

265 1842 401 1898 retexens
414 1837 566 1896 aetherius
582 1838 635 1908 sol.
652 1854 683 1893 v.
698 1833 774 1894 283:
792 1832 1028 1913 suppeditatque
1044 1853 1119 1894 acero
1135 1837 1294 1895 confestim
1310 1832 1427 1894 taeniae

262 1941 376 1998 lumen.
401 1957 431 1994 v.
451 1937 530 1998 514:
550 1957 605 2018 qao
621 1939 771 1998 volvenda
786 1939 900 1997 micant
916 1940 1031 1998 aeterni
1047 1940 1145 1998 sidera
1159 1940 1275 1998 mundi.
1300 1936 1425 1997 Secun-

264 2037 340 2098 dum
359 2058 431 2098 eum
449 2036 570 2114 locum,
593 2057 689 2118 quem
706 2035 782 2099 huic
809 2035 916 2098 versui
937 2035 1086 2117 assignat
1101 2037 1344 2114 Irachmannus,
1366 2059 1426 2119 qao

265 2161 330 2202 non
348 2145 400 2201 est
415 2138 578 2221 particula
594 2138 669 2215 loci,
687 2138 745 2201 sed
761 2137 926 2201 ablativus
942 2139 1166 2202 instrumenti.
1191 2163 1222 2202 v.
1243 2141 1318 2204 779:
1336 2140 1425 2200 atara

265 2249 332 2306 loca
347 2247 476 2305 candida
492 2242 569 2302 tace.
595 2264 627 2303 v.
645 2244 707 2304 892
724 2264 792 2322 sq.:
810 2252 864 2305 aut
879 2241 997 2304 rabidis
1012 2243 1138 2304 caaibae
1153 2249 1320 2306 suacinetaa
1336 2248 1425 2304 semi·

263 2351 386 2408 marinis
408 2348 582 2427 corporibus
605 2350 728 2427 Scyllas.
758 2367 791 2406 v.
815 2345 892 2408 891:
921 2370 977 2409 nec
997 2345 1093 2406 timidi
1118 2343 1230 2408 Veaere
1251 2351 1424 2408 ardescunt.

264 2471 296 2510 v.
315 2450 387 2511 899.
413 2471 444 2509 v.
469 2450 567 2510 1094:
590 2451 688 2510 multa
707 2452 843 2510 videmus
864 2453 943 2510 enim
965 2447 1144 2510 caeteetidaa
1165 2448 1259 2510 iatita
1274 2445 1422 2532 flammis.
1541 2517 1542 2524 ἶ

264 2549 318 2612 Sic
330 2550 466 2612 Lachm.
485 2572 543 2632 pro
560 2549 668 2622 iaeita,
686 2549 707 2611 i.
721 2570 748 2611 e.
767 2549 922 2631 adspersa
938 2555 973 2611 et
983 2555 1148 2612 contacta.
1167 2573 1199 2612 v.
1212 2554 1310 2614 1145:
1328 2575 1425 2632 genus

263 2661 437 2729 humanum,
469 2659 619 2716 defessum
648 2653 679 2712 oi
710 2659 807 2716 colere
837 2676 951 2716 aevom.
984 2675 1015 2714 v.
1045 2655 1142 2716 126οτ
1174 2647 1282 2716 32222
1296 2660 1426 2716 formata

262 2761 408 2820 videbant
424 2781 486 2820 esse
498 2759 615 2839 fiyara.
642 2777 673 2817 v.
694 2759 791 2819 1295:
816 2765 848 2820 et
857 2755 951 2841 seraa
973 2780 1096 2838 coepere
1112 2763 1210 2820 solum
1230 2762 1425 2839 proscindere

262 2871 371 2922 terrae.
409 2882 440 2920 v.
476 2860 571 2922 1323:
605 2864 818 2941 iactabantque
849 2884 917 2922 suos
947 2865 1027 2922 tauri
1051 2859 1242 2941 pedibusque
1272 2865 1423 2924 terebant.
1540 2923 1541 2932 ,

262 2986 292 3024 v.
322 2963 420 3026 1457:
454 2961 572 3023 artibae
599 2966 637 3024 ad
661 2987 813 3025 summum
837 2966 933 3025 donec
958 2987 1066 3026 venere
1090 2978 1242 3025 cacumen.
1276 2961 1337 3038 VI,
1365 2965 1422 3025 18:

263 3071 424 3147 omniaque
446 3070 529 3128 illius
547 3064 619 3126 vitio
636 3070 820 3146 corrumpier
841 3070 933 3128 intus.
964 3087 996 3126 v.
1022 3067 1097 3128 153:
1121 3065 1241 3127 taabiae
1262 3076 1424 3128 ventorum

263 3173 442 3232 comburens
458 3173 572 3250 impete
587 3193 707 3249 magno.
732 3189 763 3230 v.
784 3169 859 3230 161:
878 3191 1031 3232 excussere
1047 3189 1101 3230 eaeo
1117 3188 1273 3229 eoaeaaaa.
1291 3191 1323 3230 v.
1341 3171 1421 3232 418:

265 3277 392 3334 discutit
405 3270 526 3354 ,inserto
553 3307 584 3316 -
600 3270 741 3354 sabratae
761 3275 855 3333 sedes.
885 3293 916 3332 v.
938 3273 1017 3334 420:
1042 3275 1138 3334 demit
1159 3274 1342 3351 imaginibus
1358 3270 1424 3332 aio-

263 3375 344 3435 teato
365 3374 488 3434 aetrrere
508 3377 662 3436 honorem.
691 3394 723 3433 v.
749 3376 827 3436 548:
850 3384 881 3436 et
900 3379 1020 3451 merito,
1040 3379 1183 3456 quoniam
1204 3377 1333 3455 plaustri
1353 3397 1423 3435 con·
1539 3391 1540 3398 ¹

264 3501 350 3540 cussa
373 3485 559 3539 tremescunt
583 3486 678 3552 tecta,
707 3481 786 3538 viam
811 3485 950 3559 propter,
975 3502 1036 3540 non
1059 3497 1166 3558 crayae
1185 3475 1322 3556 pondere
1345 3485 1422 3538 tota.

263 3603 294 3641 v.
319 3583 396 3642 554:
420 3587 455 3642 ut
477 3584 607 3640 iactetur
626 3600 720 3660 aquae
738 3579 841 3662 fluctu
867 3604 986 3661 quoque
1008 3589 1089 3642 terra
1108 3583 1261 3642 vacillans.
1291 3601 1322 3640 v.
1341 3580 1421 3642 559:

263 3693 353 3764 urget
376 3686 503 3744 obnixus
522 3681 640 3760 mayaia
660 3686 817 3763 speluncas
838 3681 954 3743 ciritae
975 3687 1061 3745 altas.
1092 3705 1123 3743 v.
1146 3683 1223 3744 624:
1244 3694 1311 3744 tum
1333 3705 1423 3762 porro

264 3790 347 3848 v'enti
378 3809 497 3866 quoque
527 3809 666 3865 magnam
697 3789 805 3847 tollere
835 3795 952 3867 partem
981 3791 1093 3848 umoris
1118 3794 1245 3867 possunt
1268 3791 1423 3846 verrentes

264 3912 409 3969 aequora,
430 3886 528 3948 ceratia
550 3911 610 3949 una
631 3895 720 3950 nocte
739 3893 802 3951 vias
825 3893 967 3969 quoniam
989 3912 1131 3971 persaepe
1151 3891 1288 3950 videmus
1308 3892 1422 3950 siccari.

265 3989 317 4051 Sic
339 3989 484 4050 Lachm..
503 4009 560 4069 pro
585 3990 677 4050 reati.
713 4013 744 4051 v.
772 3992 848 4053 740:
879 3996 961 4072 quod
983 3997 1095 4054 Averni
1121 4000 1267 4053 vocantur
1290 3989 1421 4052 acaciae.
1451 4041 1459 4064 ,.

179 4171 183 4178 ι
263 4114 295 4152 v.
316 4094 392 4154 755:
411 4097 463 4154 sed
479 4103 587 4154 natura
602 4097 660 4154 loci
677 4092 707 4154 ai
723 4097 790 4155 ibus
806 4098 902 4156 officit
916 4099 981 4175 ipsa
996 4099 1114 4173 aaapte.
1141 4092 1194 4154 Sic
1209 4093 1344 4154 Lachm.
1363 4113 1422 4173 pro

264 4223 286 4259 s.
304 4222 332 4258 n.
351 4199 409 4256 loci
425 4220 500 4276 opus
516 4201 609 4257 efficit
624 4201 689 4277 ipsa
704 4222 726 4258 a
752 4218 782 4256 v.
802 4197 880 4260 874:
905 4205 1060 4279 praeterea
1079 4201 1150 4258 solis
1171 4195 1271 4257 radiis
1291 4202 1423 4258 iactatur

264 4303 352 4379 aquai
378 4321 473 4360 umor.
506 4319 537 4358 v.
567 4299 664 4360 1020:
691 4303 804 4380 quippe
828 4304 985 4380 agitantur
1009 4304 1089 4361 enim
1109 4297 1225 4377 alapia.
1260 4320 1287 4358 v,
1321 4299 1420 4360 1064:

264 4405 415 4482 inpellant
434 4410 470 4462 ut
492 4424 556 4462 eam
578 4407 736 4482 Magnesia
747 4401 879 4486 flamine
898 4427 975 4465 saxa.
1008 4399 1061 4462 sie
1083 4398 1164 4462 Itali
1186 4409 1220 4462 ct
1242 4397 1422 4462 Brixiensis
