3102 5000
356 438 380 482 r.
405 438 503 481 uuor.
530 421 676 496 ransart,
701 437 856 494 possess,
881 436 1073 480 anscarius.
1228 419 1288 481 105

139 628 168 668 v.
185 609 265 670 458:
284 612 397 690 primus
412 627 443 668 se
458 613 592 696 sustulit.
623 605 676 670 Sic
692 605 773 669 Itali
787 628 845 690 pro
862 612 975 690 primus
991 615 1023 670 et
1037 611 1163 670 sustulit
1177 611 1289 670 aether.

138 731 169 770 v.
188 710 265 773 617:
292 716 391 774 cancri
406 732 437 772 ec
452 720 488 774 ut
503 719 601 774 vertat
620 720 716 774 metas
736 716 774 774 ad
795 715 973 776 solstitialis.
1004 707 1058 772 Sic
1074 708 1211 771 Lachm.
1232 730 1290 791 pro

137 819 269 876 canceris
289 823 324 876 ut
345 822 453 877 vertet.
485 812 547 891 Vl,
565 815 622 878 87:
644 822 697 878 aut
718 819 750 877 in
769 824 869 878 utram
889 834 920 874 ac
940 819 1065 877 verterit
1084 816 1155 875 hinc
1170 818 1290 895 partim.

136 913 191 976 Sic
208 914 308 978 etiam
323 918 386 979 384
401 915 538 979 Lachm.
562 939 592 980 v.
610 919 688 981 359:
713 927 744 980 et
765 941 833 979 oum
853 925 990 999 tempora
1008 936 1039 976 se
1061 914 1292 980 continuantia

135 1022 284 1100 pandunt.
316 1017 369 1081 Sic
385 1017 465 1080 Itali
480 1040 538 1102 pro
554 1020 640 1082 seria
672 1019 733 1097 IV,
752 1022 829 1082 281:
848 1017 981 1102 (imago)
998 1023 1152 1102 protrudit
1167 1023 1291 1101 agitque

135 1127 205 1184 asra
234 1127 285 1203 qui
315 1127 396 1185 inter
424 1142 455 1184 ae
483 1131 642 1204 cumquest
672 1127 834 1205 oculosque
857 1127 982 1186 locatus.
1022 1120 1077 1184 Ad
1101 1120 1291 1205 pronomina

134 1223 290 1286 reflexiva
313 1222 520 1287 referendum
544 1231 596 1288 est
620 1224 719 1287 etiam
744 1225 832 1288 idem.
869 1224 1028 1308 Exempla
1048 1230 1126 1286 sunt
1144 1223 1174 1302 I,
1197 1227 1236 1287 60
1257 1231 1291 1287 et

137 1325 178 1402 V,
197 1329 258 1390 212
279 1334 351 1391 haee
371 1333 484 1392 eadem.
516 1328 544 1405 Ι,
562 1330 624 1390 692
644 1335 693 1392 hio
713 1335 803 1392 idem.
835 1351 866 1392 v.
884 1330 944 1392 121
962 1333 1069 1405 eidem,
1085 1349 1173 1390 nom.
1191 1327 1290 1409 sing,

135 1451 167 1491 v.
194 1429 331 1492 Lachm.
365 1453 394 1493 v.
421 1432 483 1494 306
510 1431 640 1504 eaedem,
668 1430 755 1513 quod
779 1432 841 1494 hoc
867 1453 931 1493 nno
957 1430 1031 1496 loco
1053 1429 1231 1507 invenitur,
1257 1454 1288 1494 v.

133 1531 273 1594 Lachm.
291 1531 332 1596 ad
348 1532 408 1610 VI,
426 1536 499 1597 456.
527 1533 574 1612 II,
591 1537 652 1598 918
668 1559 728 1598 una
744 1534 915 1617 cademque.
939 1533 1001 1611 IV,
1014 1535 1053 1596 68
1070 1539 1174 1598 ordine
1191 1534 1289 1596 eodem

133 1632 195 1716 (sic
212 1633 373 1698 Marullus
393 1657 451 1718 pro
472 1639 596 1718 sorcin).
628 1635 669 1698 In
691 1635 814 1720 duplici
836 1635 1065 1700 enunciatione
1086 1636 1115 1715 Ι,
1137 1639 1199 1700 8211
1222 1659 1288 1719 sq:

132 1762 264 1819 namque
281 1739 383 1802 eadem
398 1745 513 1803 caelum
530 1764 610 1802 mare
626 1749 720 1804 terras
734 1746 961 1804 fluminasolem
971 1745 1173 1818 constituunt,
1189 1739 1291 1802 ecdem

131 1846 237 1921 fruges
252 1846 374 1906 arbusta
389 1849 560 1906 animantis.

436 2035 472 2084 11.
510 2034 703 2086 Pronomina
722 2035 993 2086 demonstrativa.

220 2158 369 2226 Aaacaoio
388 2151 612 2235 accipiendum
631 2159 682 2216 est
698 2153 740 2230 V,
759 2155 820 2218 503
837 2159 909 2216 haec
929 2191 960 2200 —
981 2159 1091 2231 omnia,
1108 2153 1143 2216 h.
1161 2173 1189 2216 e.
1208 2174 1290 2236 quae

131 2255 167 2316 in
181 2253 317 2336 regione
326 2252 479 2318 inferiore
490 2255 650 2320 videmus.
677 2256 731 2326 Ad
741 2255 921 2333 notionem,
940 2277 1022 2339 quae
1031 2255 1066 2318 in
1076 2254 1290 2339 sequentibus

131 2356 242 2419 adhuc
252 2355 439 2420 definienda
449 2365 511 2454 est,
529 2366 659 2443 spectat
668 2360 717 2422 ra
733 2360 850 2436 Ι,172;
869 2367 925 2424 hac
935 2385 967 2423 re
981 2397 1012 2406 -
1027 2365 1117 2443 quod.
1135 2358 1176 2436 V,
1189 2362 1288 2422 1105:

132 2467 232 2542 Inque
263 2465 325 2524 dias
356 2467 451 2542 magis
478 2462 512 2524 hi
534 2469 650 2526 vietum
664 2489 666 2494 ’
679 2501 711 2510 -
740 2474 924 2526 commutare
954 2501 984 2509 -
1016 2468 1227 2528 monstrabant
1255 2501 1286 2508 -

132 2569 258 2645 ingenio
274 2564 327 2646 qai
336 2570 537 2646 praestabant.
565 2564 618 2628 Sic
630 2565 752 2650 optime
762 2565 950 2646 Naugerius
961 2588 1018 2650 pro
1028 2565 1289 2646 popeicanum.

133 2665 272 2748 Saepius
287 2665 493 2731 referendum
511 2677 563 2731 est
578 2668 620 2731 ad
636 2668 814 2745 notionem,
832 2689 914 2751 quae
929 2668 962 2731 in
976 2668 1176 2753 praegressis
1187 2649 1291 2731 conti-

131 2775 242 2832 netur.
276 2769 329 2832 Sic
347 2769 374 2846 Ι,
392 2773 455 2833 402
470 2771 543 2834 leaeo
560 2778 696 2854 vestigia.
727 2795 758 2834 v.
779 2773 877 2834 1112:
900 2797 967 2836 narn
989 2797 1048 2855 qua
1066 2797 1194 2855 eumque
1210 2778 1292 2856 prius

122 2871 171 2936 'de
191 2878 272 2956 parti
292 2897 416 2955 corpora
436 2879 519 2938 desse
544 2881 720 2951 constitues,
745 2875 819 2936 daec
838 2879 926 2939 rebus
952 2881 1009 2939 erit
1030 2899 1098 2959 pars
1119 2881 1208 2939 ianua
1227 2881 1291 2939 leti.

131 2997 163 3037 v.
190 2978 275 3039 1114
294 2982 376 3040 haec.
411 2976 459 3054 ΙΙ,
483 2979 559 3041 785:
586 3004 646 3060 quo
670 2983 850 3061 quadratum
873 2984 972 3042 minus
997 3004 1084 3043 omne
1109 2984 1149 3042 sit
1174 3004 1208 3042 er
1232 2979 1290 3040 Iria.
1341 3045 1346 3056 ,

131 3103 165 3142 ν.
178 3081 257 3142 934:
275 3079 347 3141 tcto
362 3085 435 3143 satis
450 3084 528 3142 illud
544 3087 602 3145 erit
618 3086 741 3164 planum
759 3089 855 3146 facere
870 3093 962 3165 atque
977 3087 1112 3165 probare.
1132 3081 1200 3159 ΙΙΙ,
1212 3080 1290 3166 3942:

131 3193 270 3266 atquem
285 3182 319 3243 iat
333 3182 382 3277 dia
397 3188 565 3248 intervallis
581 3189 749 3248 tuditantia
764 3191 881 3269 possint
892 3210 1067 3251 concursare
1084 3185 1142 3268 (sic
1152 3185 1289 3248 Lachm.

130 3306 191 3367 pro
216 3283 363 3368 quantia).
403 3307 434 3348 v.
462 3287 538 3351 601:
570 3298 786 3370 conquassatur
813 3295 892 3352 enim
916 3298 984 3352 tum
1007 3314 1091 3352 mens
1115 3294 1292 3371 animaeque

130 3397 267 3472 potestas
288 3394 394 3466 omnis,
415 3398 446 3452 et
465 3389 539 3451 tace
558 3397 624 3472 ipso
640 3416 708 3454 cum
725 3416 847 3474 corpore
863 3398 988 3457 conlabe
1003 3399 1090 3455 fiunt.
1122 3390 1291 3475 (feminino

130 3512 254 3573 genere
274 3512 332 3573 pro
352 3492 431 3572 tce).
469 3491 511 3555 of.
535 3492 595 3571 VI,
616 3497 696 3558 456:
724 3499 794 3558 inde
818 3495 892 3556 haee
911 3481 1117 3578 (nubeculae)
1138 3489 1292 3579 compr'en-

131 3600 211 3658 dunt
235 3599 315 3658 iuter
338 3619 369 3658 se
399 3619 515 3679 conque
543 3608 717 3679 gregantur.
758 3597 811 3662 Sic
836 3596 972 3660 Lachm.
998 3619 1057 3681 pro
1083 3620 1135 3676 eo,
1161 3597 1289 3661 dicens:

129 3697 236 3775 „Non
263 3718 298 3760 ea
323 3700 516 3780 corpuscula
541 3721 623 3783 quae
648 3722 764 3783 parvas
784 3701 889 3764 nubes
912 3700 1131 3779 constituunt,
1158 3701 1216 3764 sed
1241 3722 1293 3763 ece

130 3799 222 3884 ipsae
251 3800 443 3864 nubeculae.
481 3809 627 3866 ceterum
658 3825 762 3886 neque
794 3826 847 3866 coe
874 3824 980 3886 neque
1013 3805 1070 3866 hoe
1100 3802 1179 3867 alibi
1209 3802 1293 3866 dixit

129 3901 318 3980 Lucretius,
345 3904 403 3967 sed
427 3905 501 3968 hacc
524 3904 682 3970 feminino
707 3929 827 3989 genere
848 3907 882 3970 in
904 3906 988 3971 libro
1011 3907 1078 3985 ΙΙΙ,
1098 3910 1175 3982 601;
1194 3928 1292 3989 quare

130 4027 198 4068 uon
220 4005 336 4070 dubito
359 4006 436 4089 quin
458 4007 492 4070 id
512 4007 620 4092 ipsum
640 4008 694 4072 hic
716 4031 844 4092 quoque
860 4010 928 4072 illis
944 4009 1193 4094 praeferendum
1209 4009 1292 4072 sit.“

130 4109 200 4182 ΙΙΙ,
219 4113 297 4174 935;
321 4135 390 4174 nam
410 4117 504 4193 gratis
525 4118 584 4176 fuit
602 4113 676 4176 haec
697 4119 756 4177 tibi
775 4119 840 4176 vita
854 4125 925 4178 ante
940 4125 1008 4178 acta
1023 4120 1173 4198 priorque.
1205 4114 1292 4193 (hoco

130 4210 260 4276 addidit
275 4212 531 4297 Lachmannus).
563 4215 624 4294 IV,
645 4219 721 4280 118:
744 4218 849 4280 toraca
864 4223 1044 4281 intestinum
1060 4221 1187 4299 quodvis
1203 4223 1291 4299 quale

132 4340 196 4378 csse
212 4321 427 4398 putandumst!
452 4339 483 4379 v.
502 4320 563 4382 596
578 4341 626 4402 sq.
645 4345 700 4402 per
714 4325 779 4384 loca
795 4345 871 4403 quae
892 4358 923 4366 —
944 4327 1017 4383 haec
1033 4326 1097 4383 loca
1113 4345 1174 4403 per.
1200 4318 1241 4394 V,
1255 4323 1289 4381 2ἶ

131 4443 186 4502 pro
201 4443 300 4483 rerum
316 4425 473 4484 maiestate
489 4421 595 4504 hisque
611 4428 760 4505 repertis?
786 4422 839 4485 Sic
857 4444 896 4485 ex
911 4420 1100 4498 coniectura
1110 4421 1290 4486 Lambinus
