<?xml version="1.0" encoding="UTF-8"?>
<!DOCTYPE html PUBLIC "-//W3C//DTD XHTML 1.0 Transitional//EN"
    "http://www.w3.org/TR/xhtml1/DTD/xhtml1-transitional.dtd">
<html xmlns="http://www.w3.org/1999/xhtml" xml:lang="en" lang="en">
 <head>
  <title>
</title>
<meta http-equiv="Content-Type" content="text/html;charset=utf-8" />
  <meta name='ocr-system' content='tesseract 3.04.00' />
  <meta name='ocr-capabilities' content='ocr_page ocr_carea ocr_par ocr_line ocrx_word'/>
</head>
<body>
  <div class='ocr_page' id='page_1' title='image "./syntaxislucreti03holtgoog_0162.png"; bbox 0 0 3102 4988; ppageno 0'>
   <div class='ocr_carea' id='block_1_1' title="bbox 550 426 922 472">
    <p class='ocr_par' dir='ltr' id='par_1_1' title="bbox 550 426 922 472">
     <span class='ocr_line' id='line_1_1' title="bbox 550 426 922 472; baseline -0.011 0"><span class='ocrx_word' id='word_1_1' title='bbox 550 428 592 472; x_wconf 73' lang='lat' dir='ltr'>Dll</span> <span class='ocrx_word' id='word_1_2' title='bbox 614 426 922 470; x_wconf 57' lang='lat' dir='ltr'>ununclu&#39;r‘lorusus</span> 
     </span>
    </p>
   </div>
   <div class='ocr_carea' id='block_1_2' title="bbox 556 838 927 952">
    <p class='ocr_par' dir='ltr' id='par_1_2' title="bbox 556 838 927 952">
     <span class='ocr_line' id='line_1_2' title="bbox 556 838 927 952; baseline 0 0"><span class='ocrx_word' id='word_1_3' title='bbox 556 838 730 952; x_wconf 79' lang='lat' dir='ltr'>Sectio-</span> <span class='ocrx_word' id='word_1_4' title='bbox 748 839 927 952; x_wconf 59' lang='lat' dir='ltr'>terties</span> 
     </span>
    </p>
   </div>
   <div class='ocr_carea' id='block_1_3' title="bbox 395 1126 1074 1228">
    <p class='ocr_par' dir='ltr' id='par_1_3' title="bbox 395 1126 1074 1228">
     <span class='ocr_line' id='line_1_3' title="bbox 395 1126 1074 1228; baseline 0 -28"><span class='ocrx_word' id='word_1_5' title='bbox 395 1126 448 1200; x_wconf 87' lang='lat' dir='ltr'>De</span> <span class='ocrx_word' id='word_1_6' title='bbox 475 1126 788 1202; x_wconf 65' lang='lat' dir='ltr'>enuntiationibus</span> <span class='ocrx_word' id='word_1_7' title='bbox 816 1136 852 1202; x_wconf 87' lang='lat' dir='ltr'>et</span> <span class='ocrx_word' id='word_1_8' title='bbox 878 1127 1074 1228; x_wconf 84' lang='lat' dir='ltr'>particulis.</span> 
     </span>
    </p>
   </div>
   <div class='ocr_carea' id='block_1_4' title="bbox 641 1347 818 1425">
    <p class='ocr_par' dir='ltr' id='par_1_4' title="bbox 641 1347 818 1425">
     <span class='ocr_line' id='line_1_4' title="bbox 641 1347 818 1425; baseline 0.006 -20"><span class='ocrx_word' id='word_1_9' title='bbox 641 1347 712 1425; x_wconf 82' lang='lat' dir='ltr'>(lap.</span> <span class='ocrx_word' id='word_1_10' title='bbox 736 1348 818 1406; x_wconf 88' lang='lat' dir='ltr'>XIV.</span> 
     </span>
    </p>
   </div>
   <div class='ocr_carea' id='block_1_5' title="bbox 145 1517 1372 4494">
    <p class='ocr_par' dir='ltr' id='par_1_5' title="bbox 152 1517 1369 2746">
     <span class='ocr_line' id='line_1_5' title="bbox 246 1517 1369 1612; baseline 0.002 -20"><span class='ocrx_word' id='word_1_11' title='bbox 246 1533 275 1592; x_wconf 91' lang='lat' dir='ltr'>l.</span> <span class='ocrx_word' id='word_1_12' title='bbox 300 1529 526 1593; x_wconf 83' lang='lat' dir='ltr'>Commemoro</span> <span class='ocrx_word' id='word_1_13' title='bbox 542 1527 681 1612; x_wconf 88' lang='lat' dir='ltr'>primum</span> <span class='ocrx_word' id='word_1_14' title='bbox 697 1529 779 1593; x_wconf 86' lang='lat' dir='ltr'>duos</span> <span class='ocrx_word' id='word_1_15' title='bbox 795 1529 885 1593; x_wconf 90' lang='lat' dir='ltr'>locos</span> <span class='ocrx_word' id='word_1_16' title='bbox 901 1529 1074 1594; x_wconf 84' lang='lat' dir='ltr'>restitutos</span> <span class='ocrx_word' id='word_1_17' title='bbox 1085 1529 1159 1592; x_wconf 88' lang='lat' dir='ltr'>illos</span> <span class='ocrx_word' id='word_1_18' title='bbox 1171 1529 1303 1594; x_wconf 74' lang='lat' dir='ltr'>abach·</span> <span class='ocrx_word' id='word_1_19' title='bbox 1367 1517 1369 1526; x_wconf 47' lang='lat'><strong>¹</strong></span> 
     </span>
     <span class='ocr_line' id='line_1_6' title="bbox 154 1630 1311 1716; baseline -0.001 -22"><span class='ocrx_word' id='word_1_20' title='bbox 154 1654 288 1708; x_wconf 84' lang='lat' dir='ltr'>menno,</span> <span class='ocrx_word' id='word_1_21' title='bbox 306 1632 372 1709; x_wconf 91' lang='lat' dir='ltr'>III,</span> <span class='ocrx_word' id='word_1_22' title='bbox 384 1635 458 1710; x_wconf 92' lang='grc'><strong>498,</strong></span> <span class='ocrx_word' id='word_1_23' title='bbox 474 1630 531 1694; x_wconf 89' lang='lat' dir='ltr'>nbi</span> <span class='ocrx_word' id='word_1_24' title='bbox 541 1630 758 1715; x_wconf 83' lang='lat' dir='ltr'>disiungends</span> <span class='ocrx_word' id='word_1_25' title='bbox 767 1634 871 1696; x_wconf 82' lang='lat' dir='ltr'>oratio</span> <span class='ocrx_word' id='word_1_26' title='bbox 883 1639 934 1696; x_wconf 88' lang='lat' dir='ltr'>est</span> <span class='ocrx_word' id='word_1_27' title='bbox 944 1640 978 1697; x_wconf 88' lang='lat' dir='ltr'>et</span> <span class='ocrx_word' id='word_1_28' title='bbox 988 1631 1139 1716; x_wconf 82' lang='lat' dir='ltr'>spodosis</span> <span class='ocrx_word' id='word_1_29' title='bbox 1155 1631 1311 1710; x_wconf 72' lang='lat' dir='ltr'>faciende.¹</span> 
     </span>
     <span class='ocr_line' id='line_1_7' title="bbox 153 1733 1304 1818; baseline -0.001 -20"><span class='ocrx_word' id='word_1_30' title='bbox 153 1733 216 1812; x_wconf 74' lang='lat' dir='ltr'>ita,</span> <span class='ocrx_word' id='word_1_31' title='bbox 238 1740 390 1818; x_wconf 87' lang='lat' dir='ltr'>Principio</span> <span class='ocrx_word' id='word_1_32' title='bbox 411 1740 554 1818; x_wconf 80' lang='lat' dir='ltr'>quonism</span> <span class='ocrx_word' id='word_1_33' title='bbox 572 1743 695 1800; x_wconf 88' lang='lat' dir='ltr'>tenuem</span> <span class='ocrx_word' id='word_1_34' title='bbox 716 1747 852 1802; x_wconf 77' lang='lat' dir='ltr'>constare</span> <span class='ocrx_word' id='word_1_35' title='bbox 873 1741 998 1800; x_wconf 86' lang='lat' dir='ltr'>minutis</span> <span class='ocrx_word' id='word_1_36' title='bbox 1015 1740 1195 1818; x_wconf 84' lang='lat' dir='ltr'>Corporibus</span> <span class='ocrx_word' id='word_1_37' title='bbox 1216 1739 1304 1798; x_wconf 88' lang='lat' dir='ltr'>docui</span> 
     </span>
     <span class='ocr_line' id='line_1_8' title="bbox 158 1835 1303 1920; baseline 0.002 -22"><span class='ocrx_word' id='word_1_38' title='bbox 158 1873 194 1883; x_wconf 86' lang='lat'>-</span> <span class='ocrx_word' id='word_1_39' title='bbox 215 1836 281 1900; x_wconf 79' lang='lat' dir='ltr'>Iam</span> <span class='ocrx_word' id='word_1_40' title='bbox 301 1843 391 1920; x_wconf 88' lang='lat' dir='ltr'>longe</span> <span class='ocrx_word' id='word_1_41' title='bbox 413 1843 583 1910; x_wconf 76' lang='lat' dir='ltr'>mobilitate</span> <span class='ocrx_word' id='word_1_42' title='bbox 599 1845 745 1918; x_wconf 73' lang='lat' dir='ltr'>Praestat,</span> <span class='ocrx_word' id='word_1_43' title='bbox 766 1845 800 1902; x_wconf 86' lang='lat' dir='ltr'>ct</span> <span class='ocrx_word' id='word_1_44' title='bbox 815 1838 876 1915; x_wconf 86' lang='lat' dir='ltr'>VI,</span> <span class='ocrx_word' id='word_1_45' title='bbox 896 1841 955 1902; x_wconf 87' lang='grc'>799</span> <span class='ocrx_word' id='word_1_46' title='bbox 972 1860 1057 1920; x_wconf 67' lang='lat' dir='ltr'>sqq„</span> <span class='ocrx_word' id='word_1_47' title='bbox 1080 1836 1136 1900; x_wconf 89' lang='lat' dir='ltr'>ubi</span> <span class='ocrx_word' id='word_1_48' title='bbox 1152 1835 1303 1920; x_wconf 83' lang='lat' dir='ltr'>apodosis</span> 
     </span>
     <span class='ocr_line' id='line_1_9' title="bbox 152 1938 1306 2023; baseline 0 -21"><span class='ocrx_word' id='word_1_49' title='bbox 152 1938 273 2023; x_wconf 86' lang='lat' dir='ltr'>incipit</span> <span class='ocrx_word' id='word_1_50' title='bbox 288 1962 306 2003; x_wconf 82' lang='lat' dir='ltr'>a</span> <span class='ocrx_word' id='word_1_51' title='bbox 321 1946 396 2005; x_wconf 90' lang='lat' dir='ltr'>solio</span> <span class='ocrx_word' id='word_1_52' title='bbox 411 1945 443 2004; x_wconf 91' lang='lat' dir='ltr'>in</span> <span class='ocrx_word' id='word_1_53' title='bbox 458 1946 557 2005; x_wconf 87' lang='lat' dir='ltr'>medio</span> <span class='ocrx_word' id='word_1_54' title='bbox 578 1965 667 2023; x_wconf 82' lang='lat' dir='ltr'>quem</span> <span class='ocrx_word' id='word_1_55' title='bbox 688 1947 774 2006; x_wconf 81' lang='lat' dir='ltr'>facile</span> <span class='ocrx_word' id='word_1_56' title='bbox 794 1948 837 2006; x_wconf 90' lang='lat' dir='ltr'>fit.</span> <span class='ocrx_word' id='word_1_57' title='bbox 868 1940 995 2004; x_wconf 86' lang='lat' dir='ltr'>Deinde</span> <span class='ocrx_word' id='word_1_58' title='bbox 1010 1939 1211 2014; x_wconf 80' lang='lat' dir='ltr'>locutionem</span> <span class='ocrx_word' id='word_1_59' title='bbox 1226 1939 1306 2022; x_wconf 79' lang='lat' dir='ltr'>quod</span> 
     </span>
     <span class='ocr_line' id='line_1_10' title="bbox 152 2041 1304 2128; baseline 0 -24"><span class='ocrx_word' id='word_1_60' title='bbox 152 2064 245 2122; x_wconf 79' lang='lat' dir='ltr'>super</span> <span class='ocrx_word' id='word_1_61' title='bbox 266 2049 322 2116; x_wconf 76' lang='lat' dir='ltr'>ecl,</span> <span class='ocrx_word' id='word_1_62' title='bbox 348 2043 388 2109; x_wconf 90' lang='lat' dir='ltr'>de</span> <span class='ocrx_word' id='word_1_63' title='bbox 410 2065 474 2126; x_wconf 83' lang='lat' dir='ltr'>que</span> <span class='ocrx_word' id='word_1_64' title='bbox 493 2044 724 2122; x_wconf 79' lang='lat' dir='ltr'>Lachmannus</span> <span class='ocrx_word' id='word_1_65' title='bbox 744 2043 785 2108; x_wconf 82' lang='lat' dir='ltr'>ed</span> <span class='ocrx_word' id='word_1_66' title='bbox 805 2044 865 2120; x_wconf 91' lang='lat' dir='ltr'>IV,</span> <span class='ocrx_word' id='word_1_67' title='bbox 889 2048 965 2108; x_wconf 81' lang='lat'>195:</span> <span class='ocrx_word' id='word_1_68' title='bbox 993 2043 1112 2122; x_wconf 83' lang='lat' dir='ltr'>„Solet</span> <span class='ocrx_word' id='word_1_69' title='bbox 1136 2041 1182 2128; x_wconf 83' lang='lat' dir='ltr'>sic</span> <span class='ocrx_word' id='word_1_70' title='bbox 1207 2048 1304 2124; x_wconf 81' lang='lat' dir='ltr'>poeta</span> 
     </span>
     <span class='ocr_line' id='line_1_11' title="bbox 153 2143 1301 2232; baseline -0.002 -24"><span class='ocrx_word' id='word_1_71' title='bbox 153 2146 235 2229; x_wconf 75' lang='lat' dir='ltr'>quod</span> <span class='ocrx_word' id='word_1_72' title='bbox 249 2167 338 2227; x_wconf 80' lang='lat' dir='ltr'>cuper</span> <span class='ocrx_word' id='word_1_73' title='bbox 353 2153 397 2208; x_wconf 81' lang='lat' dir='ltr'>cst</span> <span class='ocrx_word' id='word_1_74' title='bbox 414 2145 448 2209; x_wconf 93' lang='lat' dir='ltr'>in</span> <span class='ocrx_word' id='word_1_75' title='bbox 464 2146 599 2230; x_wconf 84' lang='lat' dir='ltr'>apodosi</span> <span class='ocrx_word' id='word_1_76' title='bbox 614 2167 745 2232; x_wconf 87' lang='lat' dir='ltr'>ponere,</span> <span class='ocrx_word' id='word_1_77' title='bbox 763 2153 801 2210; x_wconf 89' lang='lat' dir='ltr'>ut</span> <span class='ocrx_word' id='word_1_78' title='bbox 816 2146 850 2210; x_wconf 89' lang='lat' dir='ltr'>in</span> <span class='ocrx_word' id='word_1_79' title='bbox 864 2146 912 2224; x_wconf 93' lang='grc' dir='ltr'>ΙΙ,</span> <span class='ocrx_word' id='word_1_80' title='bbox 929 2149 981 2212; x_wconf 88' lang='grc'>39.</span> <span class='ocrx_word' id='word_1_81' title='bbox 998 2148 1072 2210; x_wconf 94' lang='grc'><strong>491.</strong></span> <span class='ocrx_word' id='word_1_82' title='bbox 1100 2144 1141 2222; x_wconf 90' lang='lat' dir='ltr'>V,</span> <span class='ocrx_word' id='word_1_83' title='bbox 1162 2148 1213 2208; x_wconf 91' lang='grc'>64.</span> <span class='ocrx_word' id='word_1_84' title='bbox 1240 2143 1301 2221; x_wconf 91' lang='lat' dir='ltr'>VI,</span> 
     </span>
     <span class='ocr_line' id='line_1_12' title="bbox 154 2246 1303 2335; baseline -0.001 -24"><span class='ocrx_word' id='word_1_85' title='bbox 154 2251 256 2322; x_wconf 89' lang='lat'>1000;</span> <span class='ocrx_word' id='word_1_86' title='bbox 280 2246 332 2311; x_wconf 90' lang='lat' dir='ltr'>cui</span> <span class='ocrx_word' id='word_1_87' title='bbox 351 2271 409 2332; x_wconf 86' lang='lat' dir='ltr'>psr</span> <span class='ocrx_word' id='word_1_88' title='bbox 430 2255 482 2312; x_wconf 86' lang='lat' dir='ltr'>est</span> <span class='ocrx_word' id='word_1_89' title='bbox 501 2271 569 2330; x_wconf 73' lang='lat' dir='ltr'>erpo</span> <span class='ocrx_word' id='word_1_90' title='bbox 589 2256 666 2333; x_wconf 88' lang='lat' dir='ltr'>post</span> <span class='ocrx_word' id='word_1_91' title='bbox 685 2251 825 2335; x_wconf 79' lang='lat' dir='ltr'>quoniam</span> <span class='ocrx_word' id='word_1_92' title='bbox 840 2249 874 2312; x_wconf 94' lang='lat' dir='ltr'>in</span> <span class='ocrx_word' id='word_1_93' title='bbox 890 2250 918 2327; x_wconf 89' lang='grc' dir='ltr'>Ι,</span> <span class='ocrx_word' id='word_1_94' title='bbox 937 2253 998 2314; x_wconf 92' lang='grc'>596</span> <span class='ocrx_word' id='word_1_95' title='bbox 1015 2254 1049 2311; x_wconf 89' lang='lat' dir='ltr'>et</span> <span class='ocrx_word' id='word_1_96' title='bbox 1063 2248 1106 2326; x_wconf 87' lang='lat' dir='ltr'>V,</span> <span class='ocrx_word' id='word_1_97' title='bbox 1124 2251 1223 2312; x_wconf 83' lang='grc'><strong>960.“</strong></span> <span class='ocrx_word' id='word_1_98' title='bbox 1252 2246 1303 2310; x_wconf 90' lang='lat' dir='ltr'>De</span> 
     </span>
     <span class='ocr_line' id='line_1_13' title="bbox 153 2349 1301 2437; baseline 0 -24"><span class='ocrx_word' id='word_1_99' title='bbox 153 2351 344 2434; x_wconf 80' lang='lat' dir='ltr'>parenthesi</span> <span class='ocrx_word' id='word_1_100' title='bbox 358 2351 445 2415; x_wconf 87' lang='lat' dir='ltr'>idem</span> <span class='ocrx_word' id='word_1_101' title='bbox 461 2351 502 2414; x_wconf 83' lang='lat' dir='ltr'>ed</span> <span class='ocrx_word' id='word_1_102' title='bbox 513 2352 668 2431; x_wconf 76' lang='lat'>111,428:</span> <span class='ocrx_word' id='word_1_103' title='bbox 686 2352 886 2430; x_wconf 70' lang='lat' dir='ltr'>„Isucretius</span> <span class='ocrx_word' id='word_1_104' title='bbox 901 2350 1090 2437; x_wconf 82' lang='lat' dir='ltr'>parenthesi</span> <span class='ocrx_word' id='word_1_105' title='bbox 1105 2373 1170 2414; x_wconf 91' lang='lat' dir='ltr'>non</span> <span class='ocrx_word' id='word_1_106' title='bbox 1185 2349 1301 2428; x_wconf 88' lang='lat' dir='ltr'>utitur,</span> 
     </span>
     <span class='ocr_line' id='line_1_14' title="bbox 153 2451 1303 2539; baseline -0.001 -23"><span class='ocrx_word' id='word_1_107' title='bbox 153 2451 218 2516; x_wconf 89' lang='lat' dir='ltr'>nisi</span> <span class='ocrx_word' id='word_1_108' title='bbox 233 2452 280 2516; x_wconf 83' lang='lat' dir='ltr'>ita</span> <span class='ocrx_word' id='word_1_109' title='bbox 297 2460 333 2516; x_wconf 89' lang='lat' dir='ltr'>ut</span> <span class='ocrx_word' id='word_1_110' title='bbox 349 2454 390 2518; x_wconf 83' lang='lat' dir='ltr'>ad</span> <span class='ocrx_word' id='word_1_111' title='bbox 405 2455 488 2518; x_wconf 89' lang='lat' dir='ltr'>illud</span> <span class='ocrx_word' id='word_1_112' title='bbox 503 2454 611 2539; x_wconf 89' lang='lat' dir='ltr'>ipsum</span> <span class='ocrx_word' id='word_1_113' title='bbox 626 2456 712 2520; x_wconf 88' lang='lat' dir='ltr'>unde</span> <span class='ocrx_word' id='word_1_114' title='bbox 729 2455 910 2520; x_wconf 84' lang='lat' dir='ltr'>cretionem</span> <span class='ocrx_word' id='word_1_115' title='bbox 932 2455 1075 2520; x_wconf 82' lang='lat' dir='ltr'>devertit</span> <span class='ocrx_word' id='word_1_116' title='bbox 1093 2454 1217 2532; x_wconf 78' lang='lat' dir='ltr'>redeat,</span> <span class='ocrx_word' id='word_1_117' title='bbox 1240 2453 1303 2516; x_wconf 91' lang='lat' dir='ltr'>hoc</span> 
     </span>
     <span class='ocr_line' id='line_1_15' title="bbox 154 2555 1303 2643; baseline 0.003 -25"><span class='ocrx_word' id='word_1_118' title='bbox 154 2555 263 2634; x_wconf 89' lang='lat' dir='ltr'>modo,</span> <span class='ocrx_word' id='word_1_119' title='bbox 289 2564 441 2642; x_wconf 88' lang='lat' dir='ltr'>Principio</span> <span class='ocrx_word' id='word_1_120' title='bbox 465 2565 607 2642; x_wconf 84' lang='lat' dir='ltr'>quoniam</span> <span class='ocrx_word' id='word_1_121' title='bbox 631 2566 761 2624; x_wconf 86' lang='lat' dir='ltr'>mittunt</span> <span class='ocrx_word' id='word_1_122' title='bbox 785 2565 917 2643; x_wconf 78' lang='lat' dir='ltr'>Corpore</span> <span class='ocrx_word' id='word_1_123' title='bbox 939 2585 985 2622; x_wconf 86' lang='lat' dir='ltr'>res</span> <span class='ocrx_word' id='word_1_124' title='bbox 1008 2563 1132 2635; x_wconf 76' lang='lat' dir='ltr'>multae,</span> <span class='ocrx_word' id='word_1_125' title='bbox 1160 2585 1211 2621; x_wconf 74' lang='lat'>-2</span> <span class='ocrx_word' id='word_1_126' title='bbox 1233 2581 1303 2622; x_wconf 77' lang='lat' dir='ltr'>nem</span> 
     </span>
     <span class='ocr_line' id='line_1_16' title="bbox 152 2661 1142 2746; baseline 0.001 -22"><span class='ocrx_word' id='word_1_127' title='bbox 152 2685 241 2743; x_wconf 80' lang='lat' dir='ltr'>saepe</span> <span class='ocrx_word' id='word_1_128' title='bbox 256 2665 391 2725; x_wconf 88' lang='lat' dir='ltr'>videmus</span> <span class='ocrx_word' id='word_1_129' title='bbox 412 2689 461 2723; x_wconf 75' lang='grc' dir='ltr'>-ε</span> <span class='ocrx_word' id='word_1_130' title='bbox 478 2668 559 2740; x_wconf 78' lang='lat' dir='ltr'>Quae</span> <span class='ocrx_word' id='word_1_131' title='bbox 575 2669 718 2746; x_wconf 82' lang='lat' dir='ltr'>quoniam</span> <span class='ocrx_word' id='word_1_132' title='bbox 732 2669 819 2741; x_wconf 87' lang='lat' dir='ltr'>fiunt,</span> <span class='ocrx_word' id='word_1_133' title='bbox 835 2663 869 2726; x_wconf 88' lang='lat' dir='ltr'>in</span> <span class='ocrx_word' id='word_1_134' title='bbox 884 2662 968 2725; x_wconf 90' lang='lat' dir='ltr'>libro</span> <span class='ocrx_word' id='word_1_135' title='bbox 984 2661 1045 2739; x_wconf 89' lang='lat' dir='ltr'>IV,</span> <span class='ocrx_word' id='word_1_136' title='bbox 1064 2664 1142 2725; x_wconf 81' lang='grc'><strong>54.“</strong></span> 
     </span>
    </p>

    <p class='ocr_par' dir='ltr' id='par_1_6' title="bbox 145 2761 1372 4494">
     <span class='ocr_line' id='line_1_17' title="bbox 239 2761 1372 2850; baseline -0.003 -25"><span class='ocrx_word' id='word_1_137' title='bbox 239 2765 270 2826; x_wconf 90' lang='grc'>9.</span> <span class='ocrx_word' id='word_1_138' title='bbox 294 2764 466 2848; x_wconf 59' lang='lat' dir='ltr'>Aegoceron</span> <span class='ocrx_word' id='word_1_139' title='bbox 488 2763 641 2847; x_wconf 81' lang='lat' dir='ltr'>frequens</span> <span class='ocrx_word' id='word_1_140' title='bbox 658 2772 710 2836; x_wconf 84' lang='lat' dir='ltr'>est</span> <span class='ocrx_word' id='word_1_141' title='bbox 725 2765 810 2850; x_wconf 84' lang='lat' dir='ltr'>apud</span> <span class='ocrx_word' id='word_1_142' title='bbox 826 2765 1029 2830; x_wconf 83' lang='lat' dir='ltr'>Lucretium.</span> <span class='ocrx_word' id='word_1_143' title='bbox 1059 2761 1141 2826; x_wconf 88' lang='lat' dir='ltr'>Loci</span> <span class='ocrx_word' id='word_1_144' title='bbox 1156 2769 1234 2825; x_wconf 88' lang='lat' dir='ltr'>sunt</span> <span class='ocrx_word' id='word_1_145' title='bbox 1250 2761 1300 2824; x_wconf 92' lang='lat' dir='ltr'>hi:</span> <span class='ocrx_word' id='word_1_146' title='bbox 1369 2808 1372 2815; x_wconf 91' lang='lat'>.</span> 
     </span>
     <span class='ocr_line' id='line_1_18' title="bbox 151 2863 1302 2952; baseline 0 -24"><span class='ocrx_word' id='word_1_147' title='bbox 151 2863 182 2941; x_wconf 89' lang='lat' dir='ltr'>I,</span> <span class='ocrx_word' id='word_1_148' title='bbox 200 2867 277 2930; x_wconf 80' lang='lat'><strong>567:</strong></span> <span class='ocrx_word' id='word_1_149' title='bbox 294 2874 354 2942; x_wconf 72' lang='lat' dir='ltr'>sir,</span> <span class='ocrx_word' id='word_1_150' title='bbox 370 2891 456 2950; x_wconf 80' lang='lat' dir='ltr'>aque,</span> <span class='ocrx_word' id='word_1_151' title='bbox 472 2877 561 2946; x_wconf 81' lang='lat' dir='ltr'>terre,</span> <span class='ocrx_word' id='word_1_152' title='bbox 576 2894 709 2952; x_wconf 85' lang='lat' dir='ltr'>vapores.</span> <span class='ocrx_word' id='word_1_153' title='bbox 740 2893 770 2935; x_wconf 89' lang='lat' dir='ltr'>v.</span> <span class='ocrx_word' id='word_1_154' title='bbox 790 2871 850 2933; x_wconf 87' lang='grc'><strong>633</strong></span> <span class='ocrx_word' id='word_1_155' title='bbox 868 2891 934 2952; x_wconf 88' lang='lat' dir='ltr'>sq.:</span> <span class='ocrx_word' id='word_1_156' title='bbox 958 2874 1053 2932; x_wconf 77' lang='lat' dir='ltr'>varios</span> <span class='ocrx_word' id='word_1_157' title='bbox 1075 2891 1213 2944; x_wconf 83' lang='lat' dir='ltr'>conexus,</span> <span class='ocrx_word' id='word_1_158' title='bbox 1228 2891 1302 2948; x_wconf 90' lang='lat' dir='ltr'>pon·</span> 
     </span>
     <span class='ocr_line' id='line_1_19' title="bbox 151 2970 1302 3056; baseline -0.004 -26"><span class='ocrx_word' id='word_1_159' title='bbox 151 2971 232 3046; x_wconf 79' lang='lat' dir='ltr'>dere,</span> <span class='ocrx_word' id='word_1_160' title='bbox 257 2973 369 3051; x_wconf 77' lang='lat' dir='ltr'>plagas,</span> <span class='ocrx_word' id='word_1_161' title='bbox 394 2995 563 3049; x_wconf 83' lang='lat' dir='ltr'>concursus,</span> <span class='ocrx_word' id='word_1_162' title='bbox 587 2982 697 3036; x_wconf 88' lang='lat' dir='ltr'>motus.</span> <span class='ocrx_word' id='word_1_163' title='bbox 731 2995 762 3036; x_wconf 80' lang='grc' dir='ltr'><strong>ν.</strong></span> <span class='ocrx_word' id='word_1_164' title='bbox 786 2975 847 3037; x_wconf 90' lang='grc'><strong>685</strong></span> <span class='ocrx_word' id='word_1_165' title='bbox 872 2998 999 3056; x_wconf 82' lang='lat' dir='ltr'>quornm</span> <span class='ocrx_word' id='word_1_166' title='bbox 1024 2987 1183 3033; x_wconf 76' lang='lat' dir='ltr'>concursus</span> <span class='ocrx_word' id='word_1_167' title='bbox 1207 2970 1302 3027; x_wconf 81' lang='lat' dir='ltr'>motus</span> 
     </span>
     <span class='ocr_line' id='line_1_20' title="bbox 151 3070 1301 3157; baseline 0 -25"><span class='ocrx_word' id='word_1_168' title='bbox 151 3070 224 3132; x_wconf 81' lang='lat' dir='ltr'>ordo</span> <span class='ocrx_word' id='word_1_169' title='bbox 243 3070 381 3150; x_wconf 75' lang='lat' dir='ltr'>positura</span> <span class='ocrx_word' id='word_1_170' title='bbox 393 3076 516 3157; x_wconf 64' lang='lat' dir='ltr'>figurae</span> <span class='ocrx_word' id='word_1_171' title='bbox 536 3080 672 3139; x_wconf 83' lang='lat' dir='ltr'>efficiunt</span> <span class='ocrx_word' id='word_1_172' title='bbox 691 3081 779 3157; x_wconf 84' lang='lat' dir='ltr'>ignis.</span> <span class='ocrx_word' id='word_1_173' title='bbox 816 3098 847 3139; x_wconf 90' lang='lat' dir='ltr'>v.</span> <span class='ocrx_word' id='word_1_174' title='bbox 867 3077 944 3140; x_wconf 82' lang='grc'><strong>744;</strong></span> <span class='ocrx_word' id='word_1_175' title='bbox 968 3083 1046 3151; x_wconf 66' lang='lat' dir='ltr'>altra,</span> <span class='ocrx_word' id='word_1_176' title='bbox 1066 3077 1169 3150; x_wconf 87' lang='lat' dir='ltr'>solem,</span> <span class='ocrx_word' id='word_1_177' title='bbox 1189 3075 1301 3151; x_wconf 85' lang='lat' dir='ltr'>ignem,</span> 
     </span>
     <span class='ocr_line' id='line_1_21' title="bbox 151 3172 1301 3262; baseline 0.003 -26"><span class='ocrx_word' id='word_1_178' title='bbox 151 3182 256 3250; x_wconf 78' lang='lat' dir='ltr'>terras,</span> <span class='ocrx_word' id='word_1_179' title='bbox 276 3178 426 3254; x_wconf 72' lang='lat' dir='ltr'>animulis,</span> <span class='ocrx_word' id='word_1_180' title='bbox 446 3182 555 3260; x_wconf 84' lang='lat' dir='ltr'>fruges.</span> <span class='ocrx_word' id='word_1_181' title='bbox 594 3199 624 3240; x_wconf 90' lang='lat' dir='ltr'>v.</span> <span class='ocrx_word' id='word_1_182' title='bbox 646 3181 720 3242; x_wconf 89' lang='lat'>808.</span> <span class='ocrx_word' id='word_1_183' title='bbox 743 3182 805 3242; x_wconf 80' lang='lat'>820</span> <span class='ocrx_word' id='word_1_184' title='bbox 822 3201 890 3262; x_wconf 89' lang='lat' dir='ltr'>sq.:</span> <span class='ocrx_word' id='word_1_185' title='bbox 913 3204 1042 3261; x_wconf 84' lang='lat' dir='ltr'>namque</span> <span class='ocrx_word' id='word_1_186' title='bbox 1062 3182 1165 3240; x_wconf 86' lang='lat' dir='ltr'>eedem</span> <span class='ocrx_word' id='word_1_187' title='bbox 1186 3172 1301 3234; x_wconf 71' lang='lat' dir='ltr'>eaelum</span> 
     </span>
     <span class='ocr_line' id='line_1_22' title="bbox 149 3273 1301 3366; baseline -0.003 -28"><span class='ocrx_word' id='word_1_188' title='bbox 149 3296 232 3338; x_wconf 79' lang='lat' dir='ltr'>marc</span> <span class='ocrx_word' id='word_1_189' title='bbox 248 3280 345 3338; x_wconf 79' lang='lat' dir='ltr'>terras</span> <span class='ocrx_word' id='word_1_190' title='bbox 357 3277 491 3361; x_wconf 74' lang='lat' dir='ltr'>flumina</span> <span class='ocrx_word' id='word_1_191' title='bbox 506 3281 597 3342; x_wconf 72' lang='lat' dir='ltr'>solem</span> <span class='ocrx_word' id='word_1_192' title='bbox 617 3287 818 3360; x_wconf 83' lang='lat' dir='ltr'>constituunt,</span> <span class='ocrx_word' id='word_1_193' title='bbox 838 3288 943 3346; x_wconf 81' lang='lat' dir='ltr'>eudem</span> <span class='ocrx_word' id='word_1_194' title='bbox 951 3281 1065 3366; x_wconf 66' lang='lat' dir='ltr'>fruges</span> <span class='ocrx_word' id='word_1_195' title='bbox 1086 3279 1210 3342; x_wconf 79' lang='lat' dir='ltr'>arbusto</span> <span class='ocrx_word' id='word_1_196' title='bbox 1232 3273 1301 3336; x_wconf 83' lang='lat' dir='ltr'>cui·</span> 
     </span>
     <span class='ocr_line' id='line_1_23' title="bbox 149 3378 1300 3464; baseline 0.001 -25"><span class='ocrx_word' id='word_1_197' title='bbox 149 3378 272 3440; x_wconf 63' lang='lat' dir='ltr'>moritu.</span> <span class='ocrx_word' id='word_1_198' title='bbox 304 3378 352 3456; x_wconf 93' lang='grc' dir='ltr'>ΙΙ,</span> <span class='ocrx_word' id='word_1_199' title='bbox 371 3383 432 3444; x_wconf 87' lang='grc'>118</span> <span class='ocrx_word' id='word_1_200' title='bbox 441 3383 563 3462; x_wconf 77' lang='lat' dir='ltr'>proelia</span> <span class='ocrx_word' id='word_1_201' title='bbox 573 3405 696 3464; x_wconf 67' lang='lat' dir='ltr'>pupulas</span> <span class='ocrx_word' id='word_1_202' title='bbox 711 3391 809 3464; x_wconf 82' lang='lat' dir='ltr'>edere,</span> <span class='ocrx_word' id='word_1_203' title='bbox 831 3409 861 3448; x_wconf 89' lang='lat' dir='ltr'>v.</span> <span class='ocrx_word' id='word_1_204' title='bbox 880 3385 1015 3448; x_wconf 81' lang='lat' dir='ltr'>Lachm.</span> <span class='ocrx_word' id='word_1_205' title='bbox 1034 3383 1096 3459; x_wconf 91' lang='lat' dir='ltr'>IV,</span> <span class='ocrx_word' id='word_1_206' title='bbox 1116 3382 1198 3447; x_wconf 86' lang='grc'><strong>1909</strong></span> <span class='ocrx_word' id='word_1_207' title='bbox 1214 3378 1300 3441; x_wconf 89' lang='lat' dir='ltr'>idem</span> 
     </span>
     <span class='ocr_line' id='line_1_24' title="bbox 149 3480 1299 3571; baseline -0.002 -27"><span class='ocrx_word' id='word_1_208' title='bbox 149 3480 284 3563; x_wconf 79' lang='lat' dir='ltr'>legitur.</span> <span class='ocrx_word' id='word_1_209' title='bbox 323 3482 372 3560; x_wconf 92' lang='grc' dir='ltr'>ΙΙ,</span> <span class='ocrx_word' id='word_1_210' title='bbox 399 3487 461 3548; x_wconf 89' lang='grc'>989</span> <span class='ocrx_word' id='word_1_211' title='bbox 485 3511 538 3569; x_wconf 88' lang='lat' dir='ltr'>per</span> <span class='ocrx_word' id='word_1_212' title='bbox 560 3493 694 3552; x_wconf 82' lang='lat' dir='ltr'>membra</span> <span class='ocrx_word' id='word_1_213' title='bbox 717 3514 771 3571; x_wconf 93' lang='lat' dir='ltr'>per</span> <span class='ocrx_word' id='word_1_214' title='bbox 793 3499 886 3554; x_wconf 82' lang='lat' dir='ltr'>crtus.</span> <span class='ocrx_word' id='word_1_215' title='bbox 925 3511 956 3552; x_wconf 92' lang='lat' dir='ltr'>v.</span> <span class='ocrx_word' id='word_1_216' title='bbox 983 3490 1056 3551; x_wconf 89' lang='grc'><strong>669.</strong></span> <span class='ocrx_word' id='word_1_217' title='bbox 1085 3488 1145 3549; x_wconf 88' lang='grc'>796</span> <span class='ocrx_word' id='word_1_218' title='bbox 1166 3506 1214 3566; x_wconf 87' lang='lat' dir='ltr'>sq.</span> <span class='ocrx_word' id='word_1_219' title='bbox 1240 3483 1299 3544; x_wconf 85' lang='grc'>965</span> 
     </span>
     <span class='ocr_line' id='line_1_25' title="bbox 148 3587 1298 3674; baseline 0.001 -28"><span class='ocrx_word' id='word_1_220' title='bbox 148 3589 312 3648; x_wconf 86' lang='lat' dir='ltr'>visceribus</span> <span class='ocrx_word' id='word_1_221' title='bbox 328 3593 426 3672; x_wconf 76' lang='lat' dir='ltr'>nervis</span> <span class='ocrx_word' id='word_1_222' title='bbox 441 3595 534 3654; x_wconf 85' lang='lat' dir='ltr'>venis.</span> <span class='ocrx_word' id='word_1_223' title='bbox 558 3612 590 3652; x_wconf 88' lang='lat' dir='ltr'>v.</span> <span class='ocrx_word' id='word_1_224' title='bbox 603 3593 679 3654; x_wconf 73' lang='grc' dir='ltr'><strong>964ε</strong></span> <span class='ocrx_word' id='word_1_225' title='bbox 698 3617 751 3674; x_wconf 87' lang='lat' dir='ltr'>per</span> <span class='ocrx_word' id='word_1_226' title='bbox 765 3597 879 3655; x_wconf 80' lang='lat' dir='ltr'>viscere</span> <span class='ocrx_word' id='word_1_227' title='bbox 893 3597 961 3655; x_wconf 83' lang='lat' dir='ltr'>viva</span> <span class='ocrx_word' id='word_1_228' title='bbox 976 3616 1030 3673; x_wconf 88' lang='lat' dir='ltr'>per</span> <span class='ocrx_word' id='word_1_229' title='bbox 1044 3599 1136 3652; x_wconf 81' lang='lat' dir='ltr'>crtus.</span> <span class='ocrx_word' id='word_1_230' title='bbox 1162 3609 1191 3649; x_wconf 86' lang='lat' dir='ltr'>v.</span> <span class='ocrx_word' id='word_1_231' title='bbox 1204 3587 1298 3649; x_wconf 87' lang='grc'><strong>1691.</strong></span> 
     </span>
     <span class='ocr_line' id='line_1_26' title="bbox 149 3685 1301 3776; baseline -0.001 -28"><span class='ocrx_word' id='word_1_232' title='bbox 149 3685 218 3764; x_wconf 93' lang='grc' dir='ltr'><strong>ΙΙΙ,</strong></span> <span class='ocrx_word' id='word_1_233' title='bbox 236 3689 308 3752; x_wconf 90' lang='grc'><strong>917.</strong></span> <span class='ocrx_word' id='word_1_234' title='bbox 326 3690 388 3753; x_wconf 89' lang='grc'><strong>480</strong></span> <span class='ocrx_word' id='word_1_235' title='bbox 405 3691 517 3752; x_wconf 80' lang='lat' dir='ltr'>clamor</span> <span class='ocrx_word' id='word_1_236' title='bbox 531 3691 684 3773; x_wconf 75' lang='lat' dir='ltr'>siupultue</span> <span class='ocrx_word' id='word_1_237' title='bbox 700 3693 801 3772; x_wconf 62' lang='lat' dir='ltr'>iurgia</span> <span class='ocrx_word' id='word_1_238' title='bbox 817 3700 959 3776; x_wconf 84' lang='lat' dir='ltr'>gliscunt.</span> <span class='ocrx_word' id='word_1_239' title='bbox 985 3716 1017 3756; x_wconf 88' lang='lat' dir='ltr'>v.</span> <span class='ocrx_word' id='word_1_240' title='bbox 1035 3692 1128 3756; x_wconf 89' lang='grc'><strong>1617.</strong></span> <span class='ocrx_word' id='word_1_241' title='bbox 1145 3688 1208 3766; x_wconf 87' lang='lat' dir='ltr'>IV,</span> <span class='ocrx_word' id='word_1_242' title='bbox 1225 3693 1301 3771; x_wconf 84' lang='lat' dir='ltr'>post</span> 
     </span>
     <span class='ocr_line' id='line_1_27' title="bbox 150 3791 1299 3873; baseline 0.001 -22"><span class='ocrx_word' id='word_1_243' title='bbox 150 3809 181 3852; x_wconf 91' lang='lat' dir='ltr'>v.</span> <span class='ocrx_word' id='word_1_244' title='bbox 201 3791 276 3853; x_wconf 79' lang='lat'>126:</span> <span class='ocrx_word' id='word_1_245' title='bbox 293 3801 413 3870; x_wconf 82' lang='lat' dir='ltr'>terrum,</span> <span class='ocrx_word' id='word_1_246' title='bbox 428 3818 519 3873; x_wconf 81' lang='lat' dir='ltr'>mare,</span> <span class='ocrx_word' id='word_1_247' title='bbox 536 3800 660 3860; x_wconf 76' lang='lat' dir='ltr'>caelum.</span> <span class='ocrx_word' id='word_1_248' title='bbox 685 3818 716 3860; x_wconf 83' lang='lat' dir='ltr'>r.</span> <span class='ocrx_word' id='word_1_249' title='bbox 734 3800 797 3860; x_wconf 88' lang='grc'><strong>458</strong></span> <span class='ocrx_word' id='word_1_250' title='bbox 813 3803 929 3862; x_wconf 83' lang='lat' dir='ltr'>ceolum</span> <span class='ocrx_word' id='word_1_251' title='bbox 944 3821 1024 3860; x_wconf 83' lang='lat' dir='ltr'>mare</span> <span class='ocrx_word' id='word_1_252' title='bbox 1039 3800 1163 3859; x_wconf 84' lang='lat' dir='ltr'>flumina</span> <span class='ocrx_word' id='word_1_253' title='bbox 1177 3795 1299 3855; x_wconf 88' lang='lat' dir='ltr'>montis.</span> 
     </span>
     <span class='ocr_line' id='line_1_28' title="bbox 149 3894 1299 3984; baseline -0.003 -28"><span class='ocrx_word' id='word_1_254' title='bbox 149 3915 181 3956; x_wconf 87' lang='lat' dir='ltr'>v.</span> <span class='ocrx_word' id='word_1_255' title='bbox 195 3894 256 3958; x_wconf 87' lang='grc'><strong>784</strong></span> <span class='ocrx_word' id='word_1_256' title='bbox 271 3903 436 3960; x_wconf 85' lang='lat' dir='ltr'>conventus</span> <span class='ocrx_word' id='word_1_257' title='bbox 451 3903 618 3977; x_wconf 89' lang='lat' dir='ltr'>hominum,</span> <span class='ocrx_word' id='word_1_258' title='bbox 634 3925 784 3984; x_wconf 79' lang='lat' dir='ltr'>pompam,</span> <span class='ocrx_word' id='word_1_259' title='bbox 801 3906 946 3980; x_wconf 82' lang='lat' dir='ltr'>convivia,</span> <span class='ocrx_word' id='word_1_260' title='bbox 962 3924 1088 3983; x_wconf 82' lang='lat' dir='ltr'>pugnas.</span> <span class='ocrx_word' id='word_1_261' title='bbox 1111 3919 1142 3962; x_wconf 81' lang='lat' dir='ltr'>v.</span> <span class='ocrx_word' id='word_1_262' title='bbox 1155 3897 1236 3959; x_wconf 84' lang='grc'><strong>1131</strong></span> <span class='ocrx_word' id='word_1_263' title='bbox 1249 3914 1299 3974; x_wconf 87' lang='lat' dir='ltr'>sq.</span> 
     </span>
     <span class='ocr_line' id='line_1_29' title="bbox 149 3999 1297 4086; baseline -0.003 -24"><span class='ocrx_word' id='word_1_264' title='bbox 149 4001 258 4062; x_wconf 83' lang='lat' dir='ltr'>eximis</span> <span class='ocrx_word' id='word_1_265' title='bbox 270 4005 354 4062; x_wconf 83' lang='lat' dir='ltr'>veste</span> <span class='ocrx_word' id='word_1_266' title='bbox 368 4035 400 4046; x_wconf 84' lang='lat'>-</span> <span class='ocrx_word' id='word_1_267' title='bbox 414 3999 565 4074; x_wconf 75' lang='lat' dir='ltr'>conuiuia,</span> <span class='ocrx_word' id='word_1_268' title='bbox 583 4001 697 4086; x_wconf 53' lang='grc'><strong>190151,</strong></span> <span class='ocrx_word' id='word_1_269' title='bbox 708 4003 824 4084; x_wconf 78' lang='lat' dir='ltr'>poculo</span> <span class='ocrx_word' id='word_1_270' title='bbox 839 4004 955 4075; x_wconf 81' lang='lat' dir='ltr'>crebra,</span> <span class='ocrx_word' id='word_1_271' title='bbox 975 4006 1140 4082; x_wconf 72' lang='lat' dir='ltr'>coquente,</span> <span class='ocrx_word' id='word_1_272' title='bbox 1158 4016 1297 4067; x_wconf 78' lang='lat' dir='ltr'>coronae,</span> 
     </span>
     <span class='ocr_line' id='line_1_30' title="bbox 147 4098 1300 4194; baseline -0.002 -32"><span class='ocrx_word' id='word_1_273' title='bbox 147 4105 228 4162; x_wconf 71' lang='lat' dir='ltr'>serta</span> <span class='ocrx_word' id='word_1_274' title='bbox 253 4112 405 4183; x_wconf 80' lang='lat' dir='ltr'>parantur.</span> <span class='ocrx_word' id='word_1_275' title='bbox 436 4103 479 4180; x_wconf 89' lang='lat' dir='ltr'>V,</span> <span class='ocrx_word' id='word_1_276' title='bbox 498 4105 575 4167; x_wconf 84' lang='lat'>115:</span> <span class='ocrx_word' id='word_1_277' title='bbox 601 4115 695 4170; x_wconf 77' lang='lat' dir='ltr'>terras</span> <span class='ocrx_word' id='word_1_278' title='bbox 719 4115 751 4170; x_wconf 91' lang='lat' dir='ltr'>et</span> <span class='ocrx_word' id='word_1_279' title='bbox 774 4111 868 4170; x_wconf 88' lang='lat' dir='ltr'>solem</span> <span class='ocrx_word' id='word_1_280' title='bbox 892 4117 924 4170; x_wconf 90' lang='lat' dir='ltr'>et</span> <span class='ocrx_word' id='word_1_281' title='bbox 947 4110 1072 4183; x_wconf 83' lang='lat' dir='ltr'>caelum,</span> <span class='ocrx_word' id='word_1_282' title='bbox 1096 4122 1179 4166; x_wconf 82' lang='lat' dir='ltr'>mare</span> <span class='ocrx_word' id='word_1_283' title='bbox 1197 4098 1300 4194; x_wconf 62' lang='lat' dir='ltr'>sideru</span> 
     </span>
     <span class='ocr_line' id='line_1_31' title="bbox 147 4200 1298 4273; baseline 0.001 -9"><span class='ocrx_word' id='word_1_284' title='bbox 147 4200 259 4264; x_wconf 66' lang='lat' dir='ltr'>himen</span> <span class='ocrx_word' id='word_1_285' title='bbox 290 4224 322 4267; x_wconf 89' lang='lat' dir='ltr'>v.</span> <span class='ocrx_word' id='word_1_286' title='bbox 345 4206 422 4268; x_wconf 78' lang='lat'>261:</span> <span class='ocrx_word' id='word_1_287' title='bbox 448 4231 529 4272; x_wconf 84' lang='lat' dir='ltr'>maro</span> <span class='ocrx_word' id='word_1_288' title='bbox 552 4213 677 4272; x_wconf 81' lang='lat' dir='ltr'>flumine</span> <span class='ocrx_word' id='word_1_289' title='bbox 700 4215 809 4273; x_wconf 87' lang='lat' dir='ltr'>fontes.</span> <span class='ocrx_word' id='word_1_290' title='bbox 840 4231 872 4272; x_wconf 85' lang='lat' dir='ltr'>V.</span> <span class='ocrx_word' id='word_1_291' title='bbox 890 4213 952 4273; x_wconf 88' lang='grc'><strong>418</strong></span> <span class='ocrx_word' id='word_1_292' title='bbox 976 4207 1050 4272; x_wconf 72' lang='lat' dir='ltr'>solis</span> <span class='ocrx_word' id='word_1_293' title='bbox 1074 4204 1163 4270; x_wconf 73' lang='lat' dir='ltr'>lunai</span> <span class='ocrx_word' id='word_1_294' title='bbox 1187 4228 1298 4268; x_wconf 86' lang='lat' dir='ltr'>cursus.</span> 
     </span>
     <span class='ocr_line' id='line_1_32' title="bbox 147 4307 1298 4396; baseline 0.001 -29"><span class='ocrx_word' id='word_1_295' title='bbox 147 4326 178 4367; x_wconf 87' lang='lat' dir='ltr'>v.</span> <span class='ocrx_word' id='word_1_296' title='bbox 190 4307 252 4368; x_wconf 91' lang='grc'>441</span> <span class='ocrx_word' id='word_1_297' title='bbox 264 4327 330 4388; x_wconf 88' lang='lat' dir='ltr'>sq.:</span> <span class='ocrx_word' id='word_1_298' title='bbox 347 4312 507 4374; x_wconf 73' lang='lat' dir='ltr'>intervalla</span> <span class='ocrx_word' id='word_1_299' title='bbox 522 4315 584 4373; x_wconf 79' lang='lat' dir='ltr'>vias</span> <span class='ocrx_word' id='word_1_300' title='bbox 600 4335 728 4374; x_wconf 87' lang='lat' dir='ltr'>conexus</span> <span class='ocrx_word' id='word_1_301' title='bbox 744 4317 879 4394; x_wconf 81' lang='lat' dir='ltr'>pondera</span> <span class='ocrx_word' id='word_1_302' title='bbox 893 4318 996 4396; x_wconf 78' lang='lat' dir='ltr'>plagas</span> <span class='ocrx_word' id='word_1_303' title='bbox 1012 4337 1173 4377; x_wconf 86' lang='lat' dir='ltr'>concursus</span> <span class='ocrx_word' id='word_1_304' title='bbox 1189 4318 1298 4373; x_wconf 72' lang='lat' dir='ltr'>motus</span> 
     </span>
     <span class='ocr_line' id='line_1_33' title="bbox 145 4408 1297 4494; baseline 0.005 -24"><span class='ocrx_word' id='word_1_305' title='bbox 145 4427 179 4470; x_wconf 82' lang='lat' dir='ltr'>v.</span> <span class='ocrx_word' id='word_1_306' title='bbox 201 4408 262 4472; x_wconf 89' lang='grc'><strong>675</strong></span> <span class='ocrx_word' id='word_1_307' title='bbox 281 4409 424 4492; x_wconf 70' lang='lat' dir='ltr'>submissu</span> <span class='ocrx_word' id='word_1_308' title='bbox 449 4423 610 4494; x_wconf 87' lang='lat' dir='ltr'>postremo,</span> <span class='ocrx_word' id='word_1_309' title='bbox 633 4413 700 4488; x_wconf 75' lang='lat' dir='ltr'>cic,</span> <span class='ocrx_word' id='word_1_310' title='bbox 726 4413 846 4490; x_wconf 78' lang='lat' dir='ltr'>imbres,</span> <span class='ocrx_word' id='word_1_311' title='bbox 872 4415 991 4488; x_wconf 80' lang='lat' dir='ltr'>nubilo,</span> <span class='ocrx_word' id='word_1_312' title='bbox 1016 4415 1110 4482; x_wconf 78' lang='lat' dir='ltr'>cccli.</span> <span class='ocrx_word' id='word_1_313' title='bbox 1148 4435 1179 4477; x_wconf 91' lang='lat' dir='ltr'>v.</span> <span class='ocrx_word' id='word_1_314' title='bbox 1202 4412 1297 4478; x_wconf 78' lang='lat'><strong>1336.</strong></span> 
     </span>
    </p>
   </div>
   <div class='ocr_carea' id='block_1_6' title="bbox 0 0 1556 4988">
    <p class='ocr_par' dir='ltr' id='par_1_7' title="bbox 0 0 1556 4988">
     <span class='ocr_line' id='line_1_34' title="bbox 0 0 1556 4988; baseline 0 3"><span class='ocrx_word' id='word_1_315' title='bbox 0 0 1556 4988; x_wconf 95' lang='lat' dir='ltr'> </span> 
     </span>
    </p>
   </div>
  </div>
 </body>
</html>
