3102 5002
247 342 288 405 18
314 380 317 386 ·
520 361 526 370 ·
657 361 830 406 sussrsur.
857 362 929 426 ose.
954 361 1005 405 111.

248 551 279 592 v.
299 531 373 593 575.
391 531 468 593 580:
486 554 563 612 quae
579 555 640 595 non
657 537 729 595 dum
745 537 867 596 clueant
882 531 946 592 ulto
962 541 1114 614 temptata
1125 530 1254 611 prericdc).
1280 551 1310 590 v.
1330 530 1410 593 700:

249 638 323 715 quid
347 637 434 696 nobis
460 639 570 696 certius
594 640 668 718 ipsis
692 640 828 699 sensibus
857 659 919 698 esse
949 644 1065 718 potest,
1094 634 1147 716 qui
1175 657 1245 696 vera
1274 657 1307 694 ec
1336 636 1413 694 falsa

248 735 407 800 notemus?
432 757 463 798 v.
482 738 581 798 1082:
599 742 692 800 medii
708 725 876 818 cuppedine
891 743 998 800 victae.
1025 739 1123 800 1085:
1143 745 1174 799 et
1190 741 1275 819 quasi
1291 739 1411 809 terreno

249 863 325 921 quae
349 859 471 920 corpore
501 845 723 924 contineantur.
757 861 787 901 v.
817 842 915 903 1089:
931 877 933 882 ¹
947 850 1038 922 atque
1068 826 1269 904 ideo'totum
1298 843 1411 900 circum

248 954 378 1005 tremere
394 947 517 1005 aethera
539 941 646 1022 eipuic.
679 964 711 1004 v.
730 943 830 1006 1114:
849 963 952 1022 parva
976 948 1138 1025 perdoctus
1162 941 1275 1023 opella.
1305 939 1352 1016 II,
1371 942 1408 1002 8:

249 1051 331 1108 edita
361 1043 501 1106 doctrina
532 1050 704 1127 sapientum
728 1051 844 1127 templa
867 1070 979 1109 serene.
1013 1068 1044 1107 v.
1072 1048 1124 1109 11.
1157 1065 1189 1106 v·
1217 1047 1272 1108 12:
1306 1051 1412 1106 noctes.

249 1158 340 1230 atque
362 1151 425 1210 dies
446 1152 504 1209 niti
518 1152 700 1227 praestante
721 1147 823 1209 labore
845 1153 883 1210 ad
899 1173 1029 1212 summes
1047 1171 1198 1230 emergere
1214 1171 1294 1229 opes.
1319 1168 1350 1207 v.
1368 1148 1411 1208 42

203 1301 204 1306 ,
252 1273 302 1332 sq.
327 1273 360 1312 v.
378 1251 457 1312 309:
470 1247 598 1330 proprio
615 1254 667 1312 dat
683 1271 804 1329 corpore
819 1260 929 1314 motus.
952 1274 984 1313 v.
1003 1253 1080 1314 319:
1099 1254 1208 1314 herbae
1224 1259 1412 1331 gemmantes

250 1374 318 1414 rore
341 1351 467 1414 receuti.
495 1373 524 1413 v.
543 1353 621 1413 326:
640 1373 710 1414 cere
725 1352 888 1416 renidescit
904 1359 1005 1418 tellus.
1036 1356 1097 1416 330
1114 1357 1293 1416 tramittunt
1307 1349 1412 1412 calido

252 1461 426 1538 quatientes
442 1454 551 1534 impete
567 1479 696 1537 campos.
720 1477 751 1516 v.
771 1457 849 1518 356:
868 1456 1000 1536 pedidus
1015 1462 1144 1537 vestigia
1160 1479 1260 1538 pressa
1276 1452 1411 1514 bisulcis.

251 1581 282 1621 v.
302 1559 380 1621 357:
399 1563 499 1621 omnia
514 1563 613 1621 visens
629 1556 726 1619 oeulis
742 1563 816 1622 loco.
840 1581 872 1619 v.
890 1561 969 1644 360⁸:
991 1557 1141 1621 desiderio
1157 1563 1267 1641 perfixa
1282 1561 1412 1619 iuvenci.

252 1685 283 1723 v.
301 1664 363 1724 401
375 1683 382 1720 :
390 1660 489 1744 foede
505 1670 705 1742 pertorquent
721 1686 772 1724 ora
787 1682 904 1741 sapore.
929 1684 961 1724 v.
981 1664 1040 1725 501
1060 1683 1148 1742 sqq.:
1173 1683 1306 1743 purpure
1324 1657 1412 1718 iher-

250 1765 346 1826 calico
372 1769 553 1828 concharum
577 1772 660 1826 tacta
685 1764 800 1836 colore,
837 1747 941 1841 eures,
973 1789 1121 1847 pavonem
1149 1761 1266 1825 ridenti
1293 1766 1414 1824 imitata

252 1868 352 1948 lepore
368 1871 474 1943 saecla,
490 1887 564 1927 novo
580 1891 681 1930 rerum
697 1875 837 1949 superata
853 1866 951 1928 colore
966 1873 1108 1931 iacerent.
1133 1889 1163 1928 v.
1183 1867 1262 1928 521:
1281 1861 1414 1942 ancipiti

251 1973 394 2053 quoniam
419 1969 556 2030 mucroni
579 1974 734 2051 utrimque
757 1980 918 2046 notantur,
943 1975 1014 2033 hino
1035 1968 1170 2053 flammis
1193 1973 1279 2030 illino
1303 1965 1414 2045 ripids's

252 2073 368 2158 infesta
387 2071 522 2152 praecis.
557 2071 609 2134 Sic
628 2070 727 2134 etiam
743 2071 785 2148 V,
804 2073 864 2135 760
881 2078 948 2135 loca
959 2071 1095 2156 flarumie
1115 2069 1241 2156 infeste.
1267 2068 1316 2147 II,
1334 2070 1411 2132 598:

254 2175 375 2238 ecimiie
390 2200 460 2238 vcro
476 2180 551 2236 furit
566 2173 687 2255 ipnidur
703 2180 834 2256 impetus
850 2182 976 2238 Aetnae.
1000 2197 1032 2236 v.
1053 2175 1129 2238 734:
1147 2195 1203 2257 quo
1219 2184 1291 2238 sunt
1305 2177 1415 2236 inbuta

163 2320 168 2330 =
253 2279 363 2340 colore.
396 2300 426 2338 v.
454 2277 531 2338 736:
558 2282 640 2358 quod
664 2283 801 2340 materiei
825 2302 949 2360 corpora
975 2277 1126 2340 consimili
1147 2283 1209 2341 sint
1231 2280 1415 2340 ciustinota

252 2382 361 2443 colore.
400 2401 431 2441 v.
459 2381 538 2442 808:
572 2386 624 2460 qui
654 2385 797 2462 quoniam
827 2381 955 2464 quodam
985 2387 1155 2462 gignuntur
1184 2385 1306 2442 luminis
1335 2378 1411 2440 ictu.

252 2505 283 2546 v.
303 2486 380 2547 821:
405 2507 457 2546 cur
479 2506 513 2544 ee
533 2507 609 2564 quae
629 2492 771 2547 constant
792 2489 907 2547 exiliis
927 2510 988 2548 non
1010 2488 1123 2566 pariter
1143 2493 1215 2546 sunt
1236 2519 1266 2527 -
1280 2479 1414 2564 perfusa

253 2585 413 2649 coloribus.
454 2583 521 2661 III,
548 2587 604 2647 39:
638 2591 739 2649 omnia
767 2586 946 2670 ecrffuadenc
975 2593 1081 2650 mortis
1110 2587 1240 2665 nepueu.
1275 2607 1306 2646 v.
1333 2585 1412 2655 3042

253 2689 433 2774 suffundens
457 2713 560 2751 caecae
585 2693 722 2770 caliginis
747 2688 870 2760 umbre,
897 2688 938 2751 ad
963 2711 994 2772 q.
1021 2689 1044 2751 l.
1071 2689 1227 2751 Lachm:
1255 2691 1414 2764 „umbram

204 2855 206 2864 ,
253 2798 411 2857 umbrasvc
437 2791 612 2854 accusandi
637 2813 715 2854 casu
740 2791 839 2856 scribi
864 2814 929 2854 non
954 2791 1084 2854 debuit:
1111 2789 1293 2854 ablativum
1316 2809 1415 2872 supra

254 2893 454 2958 firmavimus
482 2893 522 2956 ad
546 2915 675 2957 versum
697 2896 777 2956 39.“
809 2893 852 2973 V,
875 2897 954 2957 482:
982 2905 1013 2958 et
1036 2895 1117 2956 uulso
1141 2893 1271 2977 suffudit
1291 2892 1415 2971 perpete

254 3006 357 3062 fossas.
390 2996 442 3060 Sic
460 2996 624 3079 oblongus
642 3020 660 3060 a
677 3004 861 3060 correctore
876 3018 935 3080 pro
953 3003 981 3058 ct
996 2998 1092 3060 culros
1108 2995 1228 3082 offudit.
1254 2995 1413 3072 V1,479:

255 3101 497 3186 suffunduntque
518 3122 574 3162 auc
592 3105 708 3164 caelum
724 3100 867 3180 calipine.
893 3099 941 3176 ΙΙ,
960 3103 1039 3163 919:
1064 3105 1149 3162 coetu
1166 3098 1354 3181 concilioque
1370 3102 1416 3160 nil

256 3209 378 3267 facient.
411 3225 441 3266 v.
464 3205 542 3265 9642
569 3227 693 3286 corpora
716 3203 748 3264 ci
771 3203 901 3286 quadem
926 3240 958 3248 -
983 3208 1155 3268 sollicitata.
1183 3223 1215 3264 u.
1234 3203 1313 3265 967:
1339 3206 1415 3264 scire

256 3312 328 3370 licet
352 3307 438 3368 carullo
464 3310 629 3389 primordia
652 3331 738 3388 posse
764 3306 867 3368 dolere
891 3313 1044 3388 temptari.
1074 3329 1105 3369 v.
1134 3309 1216 3370 1041
1243 3327 1292 3387 sq.
1318 3310 1415 3384 magis

257 3409 322 3472 acri
342 3407 457 3470 iudicio
479 3413 642 3491 perpendo.
671 3430 702 3469 v.
728 3410 824 3471 1055:
848 3413 970 3470 aeterno
992 3415 1107 3491 percita
1127 3415 1217 3472 moin.
1243 3407 1310 3484 III,
1332 3409 1412 3469 151:

256 3512 344 3574 nulla
361 3510 618 3574 continuaretur.
635 3509 696 3588 IV,
715 3512 813 3574 1215:
831 3517 956 3574 Veneris
972 3512 1104 3574 stimulis
1120 3518 1226 3576 excita.
1238 3509 1293 3587 -II,
1313 3511 1412 3572 1058:

256 3619 370 3678 namra
391 3619 499 3676 factus.
525 3616 622 3676 1114:
648 3619 766 3674 terreno
787 3634 909 3694 corpore
930 3624 1010 3677 terra
1030 3621 1145 3678 crescit.
1169 3637 1200 3677 v.
1221 3616 1319 3677 1122:
1343 3637 1414 3675 nam
1527 3675 1528 3698 ,

257 3741 333 3800 quae
349 3741 477 3798 cumque
493 3721 577 3778 vides
591 3715 692 3778 hilaro
708 3720 904 3797 grandescere
920 3717 1066 3779 adauctu.
1091 3716 1158 3794 HI,
1177 3719 1216 3780 19
1239 3741 1293 3780 nec
1309 3720 1415 3779 nubila

257 3818 365 3882 nimbis
385 3827 559 3901 aspergunt.
590 3841 620 3879 v.
640 3821 696 3880 20:
721 3824 772 3882 nix
793 3818 859 3882 acri
880 3829 1019 3882 concreta
1032 3819 1162 3900 pruinae.
1188 3842 1219 3882 v.
1239 3821 1278 3881 28
1295 3818 1345 3900 sq.
1367 3817 1415 3879 liic
1527 3859 1528 3862 =

257 3927 300 3984 ibi
316 3947 363 3984 mc
384 3921 471 3982 reduc
487 3926 634 4002 quaedam
650 3927 753 3984 divina
767 3926 908 4004 voluptas
923 3928 1053 4005 percipit
1073 3961 1119 4000 -,
1140 3927 1222 4005 quod
1243 3929 1285 3985 sic
1307 3931 1416 3984 natura
1527 3907 1528 3934 ¹

258 4030 312 4086 tua
328 4024 359 4084 oi
380 4062 409 4069 —
431 4033 546 4087 retecta
562 4035 616 4088 cst.
643 4025 698 4087 11:
722 4028 842 4088 caedem
863 4025 953 4086 caede
969 4026 1206 4086 accururelentea.
1231 4025 1293 4101 V1,
1312 4025 1412 4087 1237:
1527 4051 1528 4078 i

258 4125 431 4190 remittebat
442 4126 562 4210 sunere
581 4133 680 4190 funus.
705 4126 867 4204 111,159:
890 4151 1054 4210 quaecum
1076 4133 1169 4191 animi
1190 4128 1221 4189 ei
1238 4133 1415 4210 pereurrant

259 4235 339 4292 cett.
358 4228 400 4305 V,
420 4230 496 4292 705:
518 4235 606 4294 Luna
623 4239 725 4312 potest
745 4236 816 4294 solis
836 4229 935 4293 radiis
950 4251 1097 4310 perorasse
1118 4237 1223 4294 nitere.
1248 4229 1320 4306 111,
1335 4232 1412 4292 188:

257 4332 384 4394 moeniae
407 4337 453 4394 uti
468 4353 567 4411 parvo
588 4338 705 4415 possint
725 4337 856 4415 impulsa
874 4339 998 4398 moveri.
1024 4335 1101 4397 189:
1126 4359 1256 4418 namque
1275 4343 1416 4397 movetur
