3102 5002
261 986 571 1080 Quemadmodum
625 988 799 1088 syntaxin
852 987 1051 1086 priscorum
1099 988 1314 1086 scriptorum

156 1123 379 1216 Latinorum,
391 1126 561 1200 itaetiam
571 1125 836 1215 Lucretianam,
855 1136 955 1198 ratus
966 1136 1113 1233 propter
1123 1126 1315 1198 mirificum

157 1262 299 1336 dicendi
308 1265 462 1364 generiS,
481 1291 553 1361 quo
571 1263 630 1336 hio
649 1263 802 1360 scriptor
820 1288 907 1335 usus
923 1273 988 1352 est,
1006 1262 1159 1379 nitorem
1175 1289 1258 1336 eum
1276 1263 1315 1335 in

109 1401 112 1406 ’
156 1401 282 1497 primis
300 1400 451 1499 dignum
469 1427 557 1490 esse,
586 1412 637 1490 ut,
666 1426 774 1496 quarn
792 1401 970 1474 rationem
997 1411 1142 1473 secutus
1164 1411 1259 1476 esset
1276 1401 1314 1472 i'n

156 1537 279 1610 verbis
297 1546 333 1610 et
342 1536 658 1610 enuntiationibus
668 1536 945 1625 conformandis,
964 1546 1217 1634 exponeretur,
1237 1535 1315 1607 illu-

137 1674 342 1760 *strandam
369 1701 446 1749 esse
472 1677 612 1774 putavi.
669 1677 750 1768 Qua
773 1675 812 1747 in
834 1699 874 1747 re
898 1674 950 1747 ita
971 1684 1137 1749 versatus
1160 1699 1251 1763 sum,
1275 1683 1317 1746 ut

157 1814 372 1910 comparatis
399 1814 495 1888 inter
519 1841 557 1888 se
579 1815 799 1889 editionibus
822 1811 1045 1886 Lachmanni
1067 1822 1104 1885 et
1124 1811 1315 1910 Bernaysii

161 1975 240 2023 eam
274 1952 469 2026 verborum
505 1953 690 2052 scriptoris
727 1951 1063 2040 conformationem,
1099 1975 1191 2047 quae
1226 1949 1316 2023 mihi

158 2088 279 2162 verior
302 2115 379 2163 esse
402 2090 599 2182 videretur,
624 2101 780 2180 secutuS,
806 2090 1077 2165 observationes
1100 2089 1209 2162 etiam
1234 2114 1315 2188 syn·

157 2227 319 2318 tacticaa,
347 2253 439 2325 quae
466 2229 503 2301 in
529 2228 752 2304 Lachmanni
782 2228 1048 2302 commentariis
1071 2227 1314 2314 continentur,
1393 2225 1397 2234 '

158 2376 324 2458 accurate
342 2366 548 2467 colligerem
566 2377 602 2441 et
620 2368 658 2440 in
668 2394 775 2442 usum
784 2393 906 2441 meum
918 2375 1175 2439 converterem.
1211 2363 1316 2437 Prae-

156 2511 255 2575 terea
272 2513 392 2576 autem
403 2503 772 2602 dicerenonpossum,
791 2514 1013 2601 quantopere
1024 2503 1062 2574 in
1072 2502 1317 2600 disputatione

157 2665 237 2724 mea
263 2640 499 2731 contexenda,
528 2651 569 2714 ut
590 2641 680 2714 alios
703 2640 802 2715 viros
829 2641 968 2730 doctor,
997 2641 1059 2737 qui
1088 2640 1125 2711 in
1149 2639 1317 2714 Lucretio

52 2791 63 2814 ·
157 2777 452 2868 elaboraverunt,
478 2780 779 2876 praetermittam,
807 2779 852 2850 iis
871 2803 963 2875 quae
981 2777 1189 2877 BriegeruS,
1213 2774 1316 2850 Suse-

157 2913 316 3004 mihlius,
335 2914 473 2989 Pollius
496 2915 542 2988 ad
560 2926 656 2990 recte
675 2915 928 2989 constituenda
945 2914 1058 2991 verba
1076 2914 1260 3012 scriptoris
1278 2915 1317 2986 in

157 3050 347 3151 Philologo
375 3053 593 3142 attulerunt,
621 3053 767 3126 adiutus
797 3053 876 3126 sim.
930 3052 1127 3150 Praecipue
1155 3052 1316 3125 sedulam

158 3214 304 3288 operam
322 3190 456 3264 novavi
474 3191 814 3288 praepositionibuS,
833 3189 1027 3264 transitivo
1038 3201 1074 3263 et
1084 3188 1317 3264 intransitive

158 3326 242 3400 usui
276 3327 470 3401 verborum
503 3328 600 3425 apud
626 3327 833 3401 Lucretium
865 3338 974 3424 atque
1001 3327 1317 3401 coniunctionibus

159 3463 385 3563 copulativis.
421 3463 552 3538 Errata
569 3465 788 3565 typographi
807 3465 932 3540 notavi
951 3465 1095 3538 haecce:
1113 3490 1149 3563 p.
1165 3469 1212 3538 49
1233 3465 1255 3536 l.
1269 3467 1314 3536 21

159 3601 389 3675 scribendum
407 3611 462 3676 est
479 3600 661 3699 supplevit,
680 3628 715 3699 p.
737 3605 783 3675 57
803 3602 826 3674 l.
844 3607 864 3676 8
883 3602 1073 3700 muyistric.
1110 3599 1317 3677 Scribebam

158 3737 363 3839 Numburgi
381 3738 497 3837 pridie
514 3735 637 3812 Nonas
657 3733 855 3836 Septembr.
876 3764 907 3810 a.
926 3737 1251 3813 MDCCCLXVIII.
