3102 5000
274 437 334 500 118
681 457 824 503 vunauu.
858 460 929 503 oar.
947 459 1006 504 vn.

272 649 289 688 a
304 631 402 689 nervis
419 636 450 689 et
465 632 609 708 sanguine
626 627 756 708 louqiter
772 649 843 691 6666.
870 627 932 708 VI,
945 631 1023 693 369:
1041 637 1160 714 tempus
1176 635 1211 693 ui
1226 635 1270 693 eat
1284 655 1417 693 vernum.
1525 713 1526 732 ,

271 727 324 791 Sic
340 726 476 792 Lachm.
494 751 552 813 pro
568 729 613 803 id,
637 732 670 793 h.
689 751 717 794 e.
740 729 835 814 quale
856 743 992 794 vernum
1013 739 1143 816 tempus
1166 739 1227 811 est,
1250 731 1306 815 qui
1326 730 1420 816 plura

271 831 369 896 etiarn
386 832 535 915 exempla
550 833 656 896 affert.
688 830 872 897 Praedicati
892 833 965 897 loco
982 841 1033 897 est
1049 834 1238 900 adverbium
1253 833 1286 898 in
1302 835 1417 916 figura,

270 956 352 1018 quae
369 933 488 998 dicitur
502 935 547 1020 ὑφ’
565 937 601 1012 ἓν,
618 957 717 1019 quum
734 936 935 1020 cogitatione
951 935 1137 1000 addendum
1153 937 1197 1001 sit
1212 937 1418 1023 participium

269 1036 360 1099 verbi
375 1058 447 1116 6666,
470 1037 499 1116 I,
517 1039 577 1103 373
594 1047 663 1123 post
678 1045 753 1118 loca,
774 1041 808 1102 h.
826 1061 855 1104 e.
876 1040 950 1104 loca
965 1061 1047 1124 qnae
1063 1047 1140 1125 post
1155 1046 1244 1104 sunt.
1276 1039 1317 1118 V,
1336 1042 1418 1106 1371

267 1145 345 1205 infra
364 1178 395 1186 —
416 1147 525 1206 locum.

631 1331 695 1385 lv.
730 1330 906 1402 {vntum
923 1329 1046 1390 vorbi·

756 1508 828 1587 Cap.
852 1510 922 1568 VH.

300 1688 356 1752 De
379 1689 541 1754 notione
565 1697 683 1774 atquc
706 1692 926 1775 generibus
950 1693 1061 1757 verbi
1082 1692 1122 1757 iu
1145 1691 1389 1756 uuiversum.

351 1863 382 1925 1.
408 1860 598 1948 Significatu
625 1863 727 1926 666666
756 1862 987 1949 complectitur
1016 1863 1184 1928 notionem
1210 1863 1421 1936 transitivum
1527 1849 1528 1852 Ἴ

267 1971 301 2027 61
316 1963 559 2029 intransitivum
576 1971 610 2029 et
625 1965 659 2028 in
670 1965 770 2029 activi
779 1966 884 2030 forma
894 1967 971 2031 etin
981 1965 1213 2052 deponentiali.
1239 1967 1422 2030 Nonnullis

265 2066 347 2130 locis
368 2067 473 2130 forma
492 2067 600 2131 activa
621 2068 777 2132 restituta
799 2076 850 2133 est
866 2093 885 2134 a
901 2069 1035 2149 criticis,
1056 2070 1105 2150 Π,
1123 2073 1201 2134 1126
1218 2076 1264 2134 uti
1281 2092 1420 2134 memoro.

265 2169 311 2232 sic
328 2169 491 2234 Aventius
512 2193 570 2256 pro
592 2193 745 2251 66666666,
767 2173 807 2236 de
830 2195 894 2256 qua
912 2172 1018 2237 forma
1036 2172 1110 2237 vide
1126 2173 1263 2237 Lachm.
1280 2171 1340 2250 IV,
1361 2177 1419 2237 54:

263 2273 390 2336 mittunt
405 2281 437 2338 in
451 2281 540 2338 rebus
556 2281 667 2359 apertis
683 2275 741 2359 (sic
758 2275 924 2338 Antonius
942 2283 975 2339 et
990 2276 1141 2361 impressi
1155 2298 1213 2361 pro
1229 2275 1418 2359 mittuntur).

263 2376 325 2455 IV,
340 2379 417 2441 352:
435 2402 473 2441 ne
489 2384 648 2444 simulacra
662 2384 780 2463 possint
794 2384 924 2444 ullarum
939 2405 1038 2445 rerum
1055 2384 1191 2444 corrieota
1205 2399 1332 2440 uouere.
1365 2375 1421 2441 Sic

266 2485 356 2543 recte
380 2480 553 2544 Bentleius
576 2503 634 2565 pro
662 2482 785 2556 uoueri,
817 2481 945 2546 scilicet
973 2483 1097 2561 oculos,
1130 2488 1164 2545 et
1193 2482 1356 2544 lacessere
1388 2486 1425 2543 ut

266 2582 412 2647 videant.
445 2607 476 2648 v.
494 2587 573 2648 493:
599 2594 630 2649 ot
651 2610 726 2669 quae
747 2610 875 2669 eumque
896 2592 1040 2650 coloribu'
1064 2593 1125 2650 sint
1145 2590 1306 2649 coniuncta
1321 2583 1426 2647 uidere

267 2689 326 2770 (sc.
348 2711 468 2752 necesse
490 2698 545 2766 est,
567 2687 654 2771 quod
675 2688 879 2773 antecessit).
916 2688 1023 2751 Videre
1044 2687 1176 2773 scripsit
1191 2687 1425 2750 Lachmannus

268 2812 327 2874 pro
352 2797 500 2854 ueceueu
522 2811 678 2875 perquam
701 2791 812 2876 inepte
835 2783 1116 2876 exsuperioribus
1140 2789 1333 2873 repetitum,
1360 2811 1427 2852 non

269 2893 378 2971 uideri,
403 2893 479 2977 quia
500 2894 679 2978 praecessit
699 2895 823 2958 aeulire.
854 2895 896 2973 V,
915 2896 1098 2980 1016ferre
1112 2892 1193 2956 Itali
1213 2899 1247 2956 61
1262 2892 1427 2956 Marullus
1529 2981 1530 2984 Ἴ

269 3019 327 3081 pro
339 2998 439 3080 ferri.
474 2997 620 3080 Antiqua
640 2997 745 3061 forma
766 2996 875 3062 activa
888 2997 992 3079 666661
1011 2995 1134 3079 legitur
1148 2995 1190 3074 V,
1209 2999 1281 3074 681,
1299 3001 1427 3060 adulant
1529 3001 1530 3024 ¹

269 3098 315 3162 ib.
326 3122 357 3162 v.
371 3101 432 3164 167
436 3103 466 3163 6.
492 3100 700 3164 Enumerabo
715 3101 856 3186 primum
871 3100 1028 3178 eaverba,
1045 3119 1128 3182 quae
1138 3098 1225 3183 apud
1234 3098 1426 3162 Lucretium

271 3208 306 3265 et
321 3201 530 3266 intransitiva
546 3209 580 3266 ct
595 3202 770 3268 transitiva
785 3203 1026 3287 significatione
1036 3209 1194 3286 usurpata
1206 3200 1424 3286 reperiuntur.

271 3305 341 3368 Ruo
357 3305 565 3370 transitivum
584 3313 635 3369 est
650 3306 679 3385 I,
697 3308 776 3370 272:
797 3312 991 3391 ingentisque
1006 3305 1071 3368 ruit
1086 3329 1187 3369 naves.
1218 3327 1249 3368 v.
1268 3306 1329 3368 239
1343 3306 1426 3368 6661-

272 3433 329 3492 que
345 3408 473 3492 (amnis)
489 3416 533 3474 ita
548 3415 697 3495 quidquid
710 3417 853 3475 fiuctibus
869 3416 980 3475 obstat.
1004 3432 1036 3472 v.
1055 3412 1131 3472 292:
1149 3413 1279 3472 trudunt
1293 3433 1339 3472 res
1355 3417 1426 3472 ante

274 3517 429 3595 ruuntque
449 3518 613 3596 impetibus
637 3519 755 3578 crebris.
786 3514 828 3593 V,
847 3515 929 3604 1325
945 3523 1056 3578 terram
1071 3517 1228 3576 minitanti
1243 3517 1342 3575 fronte
1357 3531 1426 3574 rur·

273 3615 355 3678 6666.
390 3614 451 3693 IV,
476 3599 544 3680 866'
561 3617 719 3680 subruitur
743 3626 860 3682 natura.
898 3615 959 3696 VI,
984 3619 1062 3680 545:
1090 3621 1194 3680 subter
1217 3620 1270 3678 ubi
1293 3613 1427 3695 66966666

272 3717 433 3799 6666766666
455 3720 576 3782 subruit
599 3731 689 3786 aetas.
729 3721 771 3800 V,
794 3723 855 3785 368
881 3745 957 3805 quae
981 3725 1099 3804 possint
1126 3755 1159 3766 -
1188 3733 1326 3780 corruere
1348 3717 1426 3778 6666

272 3847 371 3886 rerum
387 3827 521 3887 violento
536 3828 657 3888 turbine
672 3846 825 3887 66666666.
847 3823 888 3902 V,
900 3826 963 3888 112
979 3829 1090 3887 obruit.
1113 3821 1175 3900 VI,
1188 3824 1250 3886 261
1265 3826 1426 3884 obruerent

272 3934 376 3989 terras.
398 3925 650 3990 Intransitivum
666 3933 817 3990 astruere
831 3926 967 4005 I,1105.
985 3925 1048 4004 IV,
1058 3927 1133 3990 163.
1152 3926 1224 3990 507.
1243 3925 1317 3989 518.
1332 3922 1375 4001 V,
1386 3923 1426 3984 96
1529 3917 1530 3924 '

275 4032 381 4108 (ruet).
406 4053 437 4092 v.
450 4031 523 4093 367.
541 4032 614 4094 313.
633 4035 741 4095 obruat
755 4029 823 4110 III,
836 4031 908 4094 775.
933 4028 1066 4092 Pouetro
1081 4025 1292 4092 transitivum
1307 4026 1337 4104 I,
1348 4027 1423 4088 529:

275 4157 330 4197 nec
354 4157 442 4216 porro
466 4139 588 4217 penitus
606 4139 771 4215 penetratu
795 4139 899 4198 reteri.
929 4130 979 4210 II,
997 4133 1074 4195 539:
1100 4140 1135 4195 ut
1155 4135 1275 4214 penitus
1297 4137 1426 4212 nequeat

270 4235 441 4317 pueuau.
473 4236 547 4316 111,
558 4238 632 4301 666.
655 4236 716 4314 ru,
734 4238 807 4301 666.
830 4217 1001 4300 616666.
1024 4236 1084 4299 cro
1107 4241 1272 4318 panosus.
1303 4255 1335 4296 v.
1352 4233 1424 4295 aaa.

278 4341 372 4403 1216.
405 4339 447 4417 V,
463 4343 564 4403 1262:
582 4346 761 4424 penetrabat
776 4365 835 4406 eos.
866 4337 929 4418 VI,
947 4341 1021 4404 953.
1038 4335 1290 4402 Intransitivum
1305 4334 1353 4412 II,
1364 4335 1426 4398 111

204 4513 209 4524 Ι
278 4465 328 4525 sq.
353 4448 519 4523 peuclrure
548 4481 578 4490 -
607 4450 639 4507 in
668 4469 763 4509 nares.
802 4443 865 4522 IV,
893 4445 965 4508 766.
996 4444 1067 4508 730.
1102 4440 1169 4518 VI,
1195 4442 1270 4504 986.
1309 4435 1425 4518 Rumpe
