3102 5000
256 392 319 453 104
675 407 822 452 ruouon.
849 407 920 450 car.
946 408 978 451 v.

253 599 288 642 θα
314 583 357 642 vis
382 584 477 642 omnis
501 583 672 642 morborum
697 582 905 661 pestilitasque
929 586 983 650 ant
1007 583 1190 642 extrinsecus
1219 617 1249 624 —-
1280 584 1406 642 veniunt

254 683 334 742 cett.
368 678 466 761 Apud
482 678 628 742 Nonium
647 681 742 763 Atque
757 678 803 740 cis
819 678 960 742 οαθαθθαα.
992 679 1033 759 V,
1051 682 1206 744 secunus
1227 719 1257 726 -
1279 686 1405 764 quisque

258 819 289 828 -
305 807 406 845 eorum
421 783 497 848 sard
512 783 619 849 σύνεσιν
634 781 774 846 relatum
791 786 843 844 est
857 780 898 844 ad
914 801 1143 864 praegressum
1152 789 1290 847 mortalia
1299 788 1404 848 saecla.

252 884 447 968 Exemplum
465 905 646 967 cumpton.
665 883 760 946 relat.
779 883 946 948 coniuncti
967 884 1167 969 pronominis
1184 892 1235 948 est
1257 885 1402 964 vnete:

252 1012 306 1052 nec
322 997 434 1050 temere
450 993 572 1052 omnino
588 992 676 1070 plane
692 992 736 1049 vis
752 992 862 1068 frigida
877 993 960 1050 venti
976 1013 1039 1052 esse
1055 997 1165 1070 potest,
1182 1009 1216 1050 θα
1233 997 1405 1072 quaetanta

251 1095 281 1153 vi
305 1095 394 1154 missa
417 1100 583 1172 supernest.
615 1087 668 1151 Sic
685 1087 820 1151 Laclrm.
848 1111 906 1171 pro
932 1109 967 1150 θθ
991 1112 1078 1173 qnae.
1111 1091 1247 1153 Duobus
1270 1089 1349 1154 loeis
1369 1089 1407 1152 td

251 1213 365 1276 qaoque
386 1214 404 1253 a
424 1189 578 1255 Lucretio
601 1189 648 1254 ita
663 1190 805 1275 positum
824 1196 885 1269 est,
909 1199 948 1254 ut
969 1191 1009 1255 ad
1031 1194 1201 1276 sequentia
1221 1199 1349 1278 spectet
1368 1199 1405 1256 et

251 1315 308 1376 per
333 1293 464 1378 ellipsin
489 1293 613 1356 dietum
638 1293 683 1355 sit
706 1315 779 1376 pro:
810 1293 843 1356 id
873 1316 1000 1378 quoque
1030 1296 1160 1360 videtur
1184 1318 1293 1360 verum
1318 1317 1403 1362 esse.

250 1396 482 1459 Lachmanuus
506 1417 563 1479 per
587 1396 659 1480 quin
685 1396 776 1458 etism
801 1396 955 1481 explicat.
997 1398 1025 1476 I,
1052 1401 1128 1461 6552
1158 1400 1193 1462 id
1221 1419 1345 1484 quoque,
1377 1406 1405 1464 si

250 1505 362 1564 faciant
391 1537 437 1577 -,
462 1505 579 1562 denseri
605 1509 748 1580 poterunt
770 1505 857 1580 ignes
883 1505 964 1563 cett.
990 1507 1024 1562 et
1049 1500 1109 1578 Vl,
1134 1505 1205 1566 145.
1245 1501 1341 1566 Quod
1361 1502 1405 1566 ad

250 1625 354 1686 genus
379 1602 475 1665 huius
499 1601 699 1688 pronominis
724 1601 856 1681 attinet,
883 1607 1034 1692 neutrum
1059 1603 1194 1687 pluralis
1220 1604 1404 1670 numerica

250 1705 482 1790 complectitur
502 1705 583 1768 duas
604 1725 655 1767 res
672 1703 791 1768 diversi
807 1703 937 1786 generis
952 1704 1015 1781 IV,
1032 1707 1110 1768 396:
1133 1712 1237 1790 solque
1252 1714 1317 1791 pari
1331 1714 1405 1772 rati·

249 1835 305 1873 one
325 1833 445 1873 manere
467 1818 498 1872 et
518 1814 590 1872 luna
610 1813 751 1871 videntur
772 1813 804 1870 in
825 1814 965 1886 statione,
987 1829 1022 1868 θα
1043 1830 1120 1892 qaae
1142 1815 1211 1873 ferri
1227 1835 1271 1876 res
1288 1817 1406 1876 indicat

247 1918 321 1996 ipsa.
353 1911 563 1996 Quapropter
583 1932 649 1975 nou
669 1915 758 1975 recte
778 1908 983 1972 scribebatur
999 1910 1065 1990 ΙΙΙ,
1083 1914 1144 1975 335
1161 1913 1241 1974 ister
1257 1934 1305 1975 eos
1320 1917 1404 1998 (cor-

247 2038 308 2100 pus
325 2021 359 2078 et
375 2014 530 2098 animum)
546 2021 701 2096 recteque
717 2013 959 2077 abachmauno
976 2022 1159 2079 correctum
1176 2023 1227 2080 est
1241 2017 1323 2079 iuter
1338 2039 1403 2092 ees,

250 2117 325 2204 quia
341 2117 425 2181 dixit
440 2124 538 2202 poeta
554 2123 684 2200 corporis
700 2128 791 2199 atque
807 2123 898 2180 animi
915 2127 1057 2202 potestas.

336 2222 520 2284 Pronomeu
543 2219 571 2282 is
595 2241 827 2302 nonnunquam
853 2240 910 2301 per
935 2219 1065 2303 ellipsin
1091 2220 1266 2284 omittitur.
1300 2221 1353 2284 Sic
1373 2223 1403 2302 Ι,

249 2327 311 2390 823
333 2329 511 2388 moderatim
532 2348 662 2388 crescere
683 2348 806 2404 cogens,
828 2344 873 2385 sc.
898 2343 963 2386 eas.
986 2345 1017 2386 v.
1042 2325 1099 2388 751
1125 2347 1190 2407 sq.:
1214 2331 1348 2390 conicere
1368 2336 1405 2390 ut

249 2435 343 2513 possis
363 2453 398 2492 ex
419 2435 486 2506 hoc,
507 2449 584 2511 quae
605 2451 724 2490 cernere
739 2452 800 2489 non
816 2431 883 2509 quis
899 2436 1064 2491 extromum
1081 2433 1162 2510 quod
1177 2433 1301 2508 babent,
1317 2435 1406 2494 mini·

248 2557 331 2596 mum
354 2538 515 2596 consistere
536 2555 682 2614 prorsum,
704 2551 785 2612 quae
806 2528 906 2592 verba
926 2528 1157 2594 Lachmannus
1179 2530 1227 2594 ita
1243 2531 1403 2616 explicat:

249 2633 406 2698 Conicere
423 2641 460 2696 ut
476 2631 581 2716 possis
599 2653 638 2694 ex
654 2632 728 2709 hoc,
746 2653 828 2715 quae
844 2653 975 2696 cernere
991 2655 1055 2694 non
1071 2633 1154 2716 quis,
1172 2656 1207 2696 θα
1222 2641 1406 2698 extremum

249 2737 336 2822 quod
358 2738 493 2816 habent,
515 2736 550 2798 id
570 2734 740 2798 minimum
762 2733 940 2799 consistere
957 2735 1062 2798 multo
1080 2736 1184 2820 magis
1200 2745 1299 2820 atque
1315 2760 1406 2824 pror·

248 2864 331 2906 aum.
364 2840 430 2918 ΙΙΙ,
449 2843 507 2904 21:
529 2863 705 2923 semperque
720 2844 875 2902 innubilus
891 2823 1001 2902 ¹aether
1014 2846 1136 2921 integit.
1167 2841 1320 2930 Lacum:
1338 2863 1407 2920 „ex

247 2945 358 3024 intepet
374 2965 413 3007 ex
429 2942 650 3027 superioribus
670 2940 775 3024 repeti
792 2941 891 3024 debet
908 2962 958 3003 eas
974 2942 1068 3007 sedes
1085 2943 1232 3016 deorum,
1253 2952 1292 3007 ut
1306 2945 1406 3028 paulo

248 3054 325 3132 post
341 3048 485 3131 loupeque
500 3066 627 3108 remosse
644 3051 719 3108 ea.“
744 3044 786 3122 V,
799 3046 881 3107 1229
899 3043 939 3106 ad
955 3043 1074 3129 qitaess't
1091 3054 1200 3110 mente
1218 3046 1406 3111 addendum

249 3135 365 3214 est'eos
381 3149 555 3233 (Lachm.).

332 3251 540 3316 Pronominis
550 3252 714 3332 possessivi
730 3250 880 3335 exempla
896 3257 974 3314 suut
989 3251 1037 3330 ΙΙ,
1052 3256 1128 3316 159:
1146 3254 1211 3316 sais
1227 3279 1243 3318 e
1258 3259 1405 3337 partibus,

247 3357 281 3419 h.
294 3377 322 3420 e.
336 3376 375 3417 ex
385 3353 424 3416 iis
435 3355 530 3418 vacui
539 3354 700 3437 partibus,
718 3376 798 3437 quas
816 3360 1028 3438 occuparunt.
1052 3355 1227 3439 (Lachm.).
1248 3357 1310 3436 IV,
1322 3359 1404 3422 472:

247 3464 300 3543 qui
320 3465 418 3542 capite
440 3464 504 3546 ipse
523 3480 578 3520 ssa
601 3464 633 3522 in
652 3464 762 3522 statuit
781 3463 910 3540 vestigia
930 3483 1002 3522 sese.
1021 3457 1090 3524 *Sic
1107 3459 1245 3523 Lachm.
1263 3483 1320 3546 pro
1337 3483 1404 3526 sao.

333 3562 502 3624 Prosenses
526 3561 710 3647 reflesioom.
748 3559 795 3636 ΙΙ,
817 3563 895 3624 460:
922 3567 1061 3644 Pungere
1085 3569 1132 3626 nti
1156 3571 1273 3647 possint
1297 3590 1406 3648 corpus

247 3676 464 3749 penetrareque
488 3687 563 3739 sese,
590 3664 662 3728 scil.
689 3685 723 3727 se
748 3669 919 3748 penetrare
944 3663 978 3727 in
1003 3687 1132 3750 corpus.
1163 3667 1230 3746 ΙΙΙ,
1253 3669 1329 3730 886:
1353 3675 1406 3751 qui

247 3775 342 3852 possit
357 3775 442 3832 vivus
458 3775 516 3833 sibi
531 3794 561 3833 se
578 3776 681 3850 lugere
697 3777 887 3852 peremptum
908 3777 1050 3852 stansque
1072 3774 1220 3834 iacentem
1235 3791 1266 3832 se
1282 3776 1406 3836 lacerari

247 3878 330 3937 urive
352 3877 453 3937 dolere
475 3875 516 3956 (se
537 3871 718 3935 secundnm
738 3870 844 3934 italos
866 3869 993 3934 addidit
1013 3871 1201 3955 Avantius).
1240 3872 1300 3951 IV,
1323 3877 1404 3938 802:

247 3985 278 4040 et
299 3981 370 4060 qnia
388 3982 492 4041 tenvia
511 3985 592 4054 sunt,
613 3981 670 4039 nisi
690 3996 721 4036 se
743 3979 910 4052 contendit,
930 3987 1018 4040 acute
1039 4001 1159 4040 cernere
1180 4001 1241 4042 non
1261 3981 1343 4060 potis
1359 3987 1406 4042 est

246 4086 373 4144 animus.
404 4079 560 4143 boehm:
584 4077 664 4157 „sio
686 4084 774 4140 recte
795 4077 976 4142 Lambinus
999 4102 1056 4164 pro
1081 4085 1137 4144 nisi
1158 4101 1214 4162 qne
1235 4086 1405 4144 contendit.

246 4183 281 4248 in
296 4181 451 4267 proximis
469 4189 521 4245 est
536 4190 604 4264 Ipse
621 4192 707 4265 parat
725 4203 788 4244 sese
803 4207 891 4264 porro
908 4185 950 4265 (v.
969 4184 1053 4265 805),
1080 4181 1158 4245 item
1177 4189 1359 4247 contendere
1374 4205 1406 4246 se

246 4298 337 4369 atque
362 4310 465 4369 parare
490 4289 533 4368 (v.
560 4287 674 4369 809).“
713 4284 755 4362 V,
783 4289 858 4348 185:
886 4291 1019 4369 quidque
1042 4292 1123 4350 inter
1145 4305 1209 4348 sese
1232 4296 1405 4370 permutato

246 4395 351 4453 ordine
376 4397 508 4472 possent.
540 4386 593 4451 Sic
619 4386 798 4451 Brixiensis
824 4387 924 4452 editio
951 4397 985 4452 et
1005 4388 1167 4452 Marullus
1188 4411 1245 4474 pro
1266 4395 1347 4453 inter
1360 4402 1403 4454 se.
