3102 5000
627 400 837 483 rrrnurirus.
1242 420 1303 482 125

157 630 189 671 v.
209 611 287 672 594:
309 633 396 691 saepe
418 613 518 691 alique
538 617 640 672 temen
663 634 678 671 e
700 632 788 671 censs
802 612 950 670 labefacta
965 613 1085 671 videtur
1099 611 1142 669 ire
1158 612 1258 682 anime
1272 630 1306 670 oc

156 723 225 775 toto
245 716 321 775 solvi
342 717 378 775 dc
402 737 523 795 corpore
542 717 630 774 velle.
660 711 722 788 IV,
740 713 801 775 330
818 732 884 793 sq.:
908 717 1008 775 omnic
1029 736 1082 794 per
1100 716 1190 774 flexos
1205 716 1306 774 aditus

157 820 268 878 educte
295 820 400 879 licebit
429 819 565 898 pluribus
594 820 666 878 haec
695 820 823 898 speculis
846 820 1007 878 videantur
1029 819 1062 877 in
1086 817 1209 877 aedibus
1234 837 1305 876 esse.

156 941 189 980 v.
209 920 270 981 696
285 923 419 982 redolere
434 923 584 982 videntur.
615 941 646 980 r.
666 919 764 980 1112:
787 943 856 982 nem
877 925 974 982 fecere
995 924 1075 981 inter
1096 921 1168 979 dum
1183 922 1260 980 velle
1276 926 1307 979 ct

157 1032 272 1088 certare
300 1026 450 1085 videntur.
490 1020 531 1098 V,
558 1022 634 1092 tel:
666 1044 735 1083 nom
764 1027 845 1104 prius
874 1027 975 1086 omnia
1003 1059 1032 1066 -·
1063 1026 1160 1103 specie
1184 1026 1308 1084 confusa

155 1131 300 1188 videntur
321 1149 410 1206 quam
430 1121 527 1185 ninnn'
546 1128 639 1186 iilum.
672 1122 724 1185 Sic
746 1123 917 1188 Bentleius
938 1143 1070 1208 prorsus
1095 1123 1225 1206 egregie
1248 1144 1307 1206 pro

156 1228 211 1290 ni.
242 1226 309 1304 III,
331 1228 391 1290 773
411 1251 449 1290 sn
468 1225 575 1288 nerine
596 1227 736 1288 conclusa
752 1249 872 1290 manere
886 1234 918 1291 in
934 1253 1057 1310 corpore
1072 1233 1163 1310 putri.
1197 1249 1228 1288 v.
1246 1228 1307 1291 976

157 1353 209 1412 sq.
226 1353 346 1412 quoe-
361 1334 482 1413 prodita
491 1340 562 1392 sunt
571 1353 643 1392 esse.
660 1328 720 1407 IV,
734 1332 793 1393 201
806 1351 877 1413 sqq.
894 1337 968 1394 hece
983 1339 1147 1394 cernuntur
1159 1367 1188 1376 μ
1201 1335 1308 1393 diffun-

157 1439 228 1512 dere
248 1459 312 1497 sese
332 1457 444 1516 perque
465 1437 565 1496 volare
586 1457 675 1496 mare.
706 1455 736 1496 v.
757 1435 833 1525 231:
856 1441 950 1516 figure
976 1473 1008 1481 —
1033 1440 1224 1516 cognoscitur
1246 1457 1308 1496 esse

157 1542 272 1600 eadem.
310 1535 371 1614 VI,
399 1537 474 1600 716:
501 1541 553 1619 qui
578 1541 687 1600 etesiae
713 1561 775 1600 esse
799 1543 946 1601 feruntur.
981 1560 1013 1601 v.
1040 1540 1116 1601 848:
1144 1558 1206 1600 eece
1229 1542 1309 1619 apud

156 1645 339 1704 Hammonis
364 1645 465 1702 fenum
489 1646 556 1704 fons
580 1644 646 1702 luce
668 1645 776 1703 diurna
799 1645 926 1722 frigidus
951 1677 983 1687 -
1007 1646 1110 1704 fertur.
1141 1639 1309 1702 Attrcctio

156 1764 254 1806 cesus
269 1741 449 1826 praedicati
466 1741 500 1804 in
517 1741 652 1805 dativo
668 1741 828 1827 reperitur
843 1743 884 1821 V,
898 1746 975 1808 174:
994 1749 1104 1828 quidve
1119 1743 1310 1828 malisnered

154 1845 244 1908 nodis
258 1871 320 1910 non
336 1867 397 1908 esee
412 1845 545 1908 creatis?

244 1953 275 2012 t.
292 1947 481 2011 Infinitivus
497 1948 656 2010 consilinm
666 1947 734 2014 sive
744 1949 977 2012 necessitatem
987 1947 1151 2034 exprimit.
1168 1948 1197 2027 Ι,
1211 1951 1308 2012 1005:

153 2077 215 2117 nec
229 2077 364 2136 prorsum
379 2059 476 2116 facere
491 2061 527 2116 ut
541 2051 748 2116 restet'minus
768 2053 814 2115 r're
828 2058 965 2117 meendo.
997 2051 1155 2116 Similiter
1171 2051 1212 2130 V,
1231 2054 1307 2117 227:

155 2162 209 2218 oui
231 2165 351 2220 tentum
374 2161 406 2218 in
429 2161 493 2219 vite
515 2164 610 2218 restet
638 2155 770 2218 transire
793 2163 949 2221 melorum.
990 2154 1042 2218 Sic
1066 2176 1124 2239 pro
1150 2155 1310 2217 transireat

156 2257 355 2322 Lactantius
377 2257 417 2322 de
441 2256 568 2342 opificio
586 2257 639 2320 dei
654 2257 720 2336 ΙΙΙ,
739 2263 768 2322 2.
802 2258 990 2322 Quadratus
1007 2259 1139 2321 transire
1155 2263 1210 2320 eet.
1241 2256 1309 2336 ΙΙΙ,

156 2363 223 2425 836
240 2383 306 2444 sq.:
332 2387 387 2425 nec
411 2366 513 2426 dulces
538 2372 696 2428 occurrent
719 2369 821 2426 osculo
844 2368 909 2427 neti
930 2361 1115 2444 praeripere.
1153 2384 1185 2425 v.
1209 2363 1307 2425 1030:

154 2472 276 2549 iterque
292 2471 377 2528 dedit
393 2470 561 2547 legionibus
577 2466 622 2527 e're
637 2491 691 2548 per
705 2471 810 2530 cltum.
835 2488 868 2528 v.
887 2467 968 2530 1076
984 2487 1050 2548 sq.:
1068 2471 1208 2549 Denique
1223 2474 1310 2530 tento

158 2593 250 2652 opere
271 2574 302 2631 in
322 2574 421 2632 dubiis
442 2569 594 2650 trepidare
610 2569 734 2652 ¹periclis
755 2595 831 2652 quae
846 2575 924 2633 mele
940 2595 993 2635 nos
1009 2568 1121 2649 snblpir
1136 2574 1210 2632 vitei
1225 2577 1312 2632 tenta

158 2677 292 2754 cupido?
317 2672 358 2750 V,
371 2675 452 2736 1029
464 2694 530 2754 sq.:
548 2678 644 2736 varios
660 2678 781 2756 linguae
797 2679 913 2737 sonitus
928 2682 1036 2737 natura
1051 2671 1165 2752 sedendi
1181 2671 1309 2734 mittere.

158 2774 222 2852 VI,
237 2776 296 2838 736
307 2797 373 2857 sq.:
391 2779 444 2839 ubi
453 2781 485 2838 in
496 2799 614 2858 campos
624 2780 708 2856 albas
723 2777 898 2839 descendere
914 2782 1041 2862 ningues
1057 2780 1184 2839 tabificis
1199 2773 1311 2855 subierit

157 2884 252 2943 radiis
272 2885 316 2944 sol
335 2885 436 2943 omnic
455 2884 595 2942 lustrans.
625 2879 687 2957 IV,
706 2883 805 2944 1082:
824 2889 856 2944 et
870 2885 987 2943 stimuli
1001 2883 1139 2956 subsunt,
1154 2883 1207 2960 qui
1222 2877 1312 2939 16871-

155 2986 236 3062 qnnt
245 2982 364 3044 leedere
372 2987 405 3046 id
414 2989 522 3065 ipsum.
542 3003 574 3044 v.
587 2985 686 3046 1196:
704 2990 873 3048 communis
887 3007 1030 3070 quaerens
1044 2986 1154 3064 gaudie
1163 2980 1312 3042 sollicitet

160 3089 294 3168 spatium
309 3086 465 3148 decurrere
480 3091 597 3150 amoris.
628 3085 669 3162 V,
688 3087 765 3150 945:
788 3096 820 3150 ct
834 3088 941 3173 sedere
957 3091 1039 3150 sitim
1053 3090 1137 3149 fluvii
1153 3090 1312 3167 fontesque

159 3189 319 3251 nocebant.

249 3295 277 3356 5.
306 3289 495 3356 Infinitivus
520 3292 630 3356 locum
647 3298 747 3356 tenet
771 3291 889 3354 obiecti.
933 3291 962 3369 I,
990 3295 1044 3355 16:
1075 3316 1134 3374 quo
1163 3317 1312 3377 quemque

159 3396 305 3458 indecere
322 3395 434 3476 perede.
455 3397 498 3459 'v.
516 3399 593 3458 932:
617 3401 767 3460 exsolvere
787 3419 880 3479 pergo
901 3423 932 3450 =
952 3394 1013 3472 IV,
1033 3396 1061 3459 7.
1093 3394 1122 3473 Ι,
1140 3397 1222 3458 1686
1245 3422 1313 3462 oon·

160 3505 267 3564 cedere
291 3507 397 3582 pergat
423 3527 454 3552 ==
479 3497 526 3577 II,
549 3499 621 3563 237.
659 3498 707 3576 ΙΙ,
729 3502 791 3563 946
816 3505 916 3583 pergit
940 3503 1131 3562 confundere.
1161 3498 1228 3578 ΙΙΙ,
1251 3501 1312 3564 178

154 3623 283 3685 perpere
303 3609 450 3666 rationem
471 3601 606 3664 reddere.
637 3624 668 3664 v.
686 3605 747 3666 420
770 3625 892 3686 pergem
914 3606 1079 3686 disponere.
1111 3623 1142 3664 v.
1162 3606 1224 3666 422
1246 3629 1314 3667 cum

162 3705 263 3768 dicere
284 3725 420 3787 perpere.
460 3728 492 3767 v.
518 3708 579 3768 948
605 3730 710 3788 pergas
738 3742 768 3752 -
798 3711 926 3769 vincere.
964 3703 1027 3783 IV,
1053 3706 1130 3768 300:
1161 3713 1314 3770 contrari

162 3808 285 3870 tendere
299 3829 422 3889 perpes.
454 3808 515 3886 VI,
532 3812 589 3872 42:
613 3833 736 3892 pergem
751 3817 914 3892 pertexere.
944 3807 973 3886 I,
992 3810 1046 3871 25:
1068 3833 1198 3891 pangere
1214 3835 1313 3874 conor.

161 3910 224 3988 IV,
243 3912 341 3975 117οε
359 3917 384 3975 si
400 3910 499 3974 dicere
514 3933 613 3974 coner.
636 3911 665 3988 I,
683 3914 739 3975 31:
757 3921 842 3995 potes
863 3949 893 3957 -
914 3917 1025 3975 iuvere.
1048 3914 1130 3975 vni
1143 3934 1208 3994 sq.:
1226 3937 1314 3994 agere

167 4053 199 4062 ·-
220 4039 386 4098 possumus.
417 4037 449 4077 v.
466 4015 529 4078 371
545 4041 604 4098 quo
619 4015 741 4096 possint
762 4047 798 4062 -—·
813 4016 962 4100 confidere
977 4022 1084 4080 undae.
1115 4038 1147 4079 v.
1165 4017 1226 4079 375
1243 4039 1311 4098 sq.:

162 4125 205 4182 sic
221 4124 293 4182 elios
310 4143 429 4202 quoque
444 4143 490 4182 res
506 4124 586 4182 inter
601 4133 631 4182 sc
641 4139 731 4200 posse
746 4119 856 4180 noceri
872 4128 904 4183 et
918 4125 1036 4182 nectere
1050 4125 1159 4184 locum.
1190 4142 1222 4182 v.
1234 4121 1321 4183 378:-

163 4247 224 4305 quo
243 4227 425 4305 squamigeri
439 4225 586 4301 poterunt
598 4222 763 4303 procedere
780 4227 913 4286 tandem.
948 4244 980 4284 v.
1003 4223 1064 4286 379
1084 4227 1132 4304 sq'.
1155 4221 1314 4284 concedere

163 4350 252 4408 porro
268 4349 328 4407 quo
338 4330 484 4405 poterent
498 4329 606 4403 undae,
623 4349 691 4388 cum
706 4331 802 4408 pisces
816 4325 862 4387 n're
877 4324 1065 4409 neqrn'dnnl?
1087 4347 1119 4386 v.
1136 4327 1215 4388 389:
1233 4331 1314 4388 haud

158 4427 274 4509 poterell
300 4466 331 4474 -
356 4429 497 4509 eornpdere'
516 4435 656 4513 spatium.
693 4451 723 4490 v.
745 4432 806 4492 395
823 4452 894 4511 sqq.
921 4453 975 4492 nec
998 4434 1054 4492 teli
1078 4435 1194 4492 ratione
1211 4435 1313 4510 polest
