3102 5000
278 424 317 486 78
687 444 842 488 reseres·
875 445 1011 489 66616.

276 617 360 676 ditur
374 616 479 676 omnis.
501 633 533 673 v.
549 615 626 675 414:
638 634 697 693 per
712 612 839 676 66666566
854 623 993 679 senecias
1008 622 1117 698 666666.
1133 635 1166 678 v.
1183 617 1245 680 416
1257 636 1320 699 eq.:
1338 639 1427 698 quem

275 721 334 779 cibi
353 721 391 780 de
411 718 515 798 quevis
534 739 596 779 666
613 740 645 779 re
665 751 697 763 ·-
717 722 766 781 sit·
779 722 866 800 copie
884 724 974 808 rrisse
988 737 1046 798 per
1066 719 1163 780 66666.
1194 740 1228 781 v.
1243 720 1322 783 438:
1346 725 1429 784 66116
1522 763 1523 766 =

275 823 312 882 de
328 827 413 902 perio
428 823 510 902 quod
525 823 619 882 uilem
633 843 698 884 rem
713 825 871 903 prohibere
887 829 979 904 quest
990 841 1047 902 per
1061 841 1093 883 ce
1107 827 1252 885 6666εοί66
1267 831 1427 887 meantem.

274 943 307 984 v.
323 925 387 986 489
397 946 404 983 :
415 942 474 1003 per
488 928 595 1004 saepto
612 927 769 987 domorum
785 929 986 989 6166661666
1001 949 1098 988 voces.
1122 946 1154 987 v.
1173 927 1274 988 1018:
1292 932 1428 990 materiei

275 1031 361 1108 copie
374 1031 720 1107 16666666696666666
733 1025 826 1089 inane
835 1033 944 1092 661666.
960 1048 992 1090 v.
1006 1029 1090 1091 1924
1105 1051 1159 1110 per
1173 1053 1271 1093 omns.
1288 1031 1427 1102 61666

274 1138 310 1192 66
318 1149 378 1209 per
393 1149 489 1213 aquae
504 1153 580 1211 quse
596 1153 677 1192 nuno
692 1154 791 1194 rerum
807 1136 965 1195 simulacre
984 1135 1131 1194 videmus.
1161 1153 1193 1193 v.
1212 1132 1313 1196 1075:
1332 1139 1428 1198 omnis
1523 1205 1524 1208 Ἴ

278 1269 310 1278 -
325 1237 409 1294 16666
424 1269 455 1278 -
464 1251 523 1312 per
536 1231 679 1305 medium,
693 1254 752 1314 per
767 1255 827 1296 666
841 1232 970 1298 medium
987 1239 1151 1298 concedere
1166 1239 1267 1299 66666.
1283 1238 1427 1303 v.1103:

274 1340 437 1417 diffugiani
460 1372 493 1383 -
515 1355 574 1416 per
597 1335 702 1414 66666.
733 1339 885 1401 v.1108:
911 1341 1021 1401 666666
1045 1343 1211 1420 perinane
1234 1344 1428 1422 profundum.

271 1437 323 1516 Π,
340 1441 376 1502 5:
393 1443 467 1503 belli
482 1443 648 1502 6666666166
666 1475 698 1486 -·
712 1460 772 1520 per
786 1460 904 1521 campos
918 1445 1077 1504 instructa.
1100 1464 1132 1504 v.
1151 1445 1206 1505 24:
1224 1447 1249 1505 si
1264 1465 1326 1505 non
1341 1465 1430 1506 aures

273 1551 346 1606 6666
359 1548 503 1606 iuvenum
518 1547 678 1606 simulacro
691 1563 750 1622 per
770 1543 871 1605 66666.
902 1565 934 1606 v.
951 1545 1009 1607 40:
1024 1565 1085 1625 per
1104 1544 1171 1607 7666
1193 1550 1291 1628 campi
1305 1550 1428 1608 fervere.

273 1665 304 1707 v.
323 1648 363 1710 65
378 1649 533 1711 6661111666
548 1667 688 1726 66666666
696 1665 756 1726 per
771 1643 864 1707 66666
878 1651 1011 1711 meandi.
1037 1667 1070 1710 v.
1088 1648 1128 1712 86
1137 1667 1198 1728 per
1212 1647 1305 1710 inane
1319 1671 1429 1730 vogen·

272 1757 332 1812 666.
362 1771 394 1812 v.
413 1751 453 1812 96
475 1754 560 1813 66116
574 1754 660 1832 quies
675 1752 856 1814 6666666166
875 1755 1052 1833 corporibus
1072 1787 1104 1798 -
1119 1771 1178 1832 per
1193 1749 1287 1813 inane
1295 1750 1429 1836 profece-
1524 1741 1525 1750 ¹

273 1850 355 1914 6666.
386 1874 418 1915 v.
441 1855 502 1916 199
525 1873 665 1934 moyerem
686 1873 742 1932 per
765 1851 858 1914 66666
881 1863 1039 1934 vageniur.
1078 1855 1211 1917 61156
1242 1859 1358 1918 lumine
1393 1891 1424 1902 -

272 1960 406 2019 1666666
422 1975 594 2037 peropaca
615 1961 782 2020 domorum.
812 1977 845 2018 v.
863 1957 924 2019 116
944 1961 1042 2020 mulie
1067 1993 1099 2004 -
1117 1977 1177 2037 per
1197 1955 1292 2019 66666
1312 1961 1428 2021 videbis

273 2083 398 2143 corpore
420 2064 548 2123 misceri.
587 2082 619 2121 v.
647 2061 709 2150 146
734 2062 805 2121 cira
827 2079 885 2140 per
909 2063 1044 2120 66666666
1067 2063 1191 2142 liquidis
1215 2064 1282 2123 loca
1304 2065 1428 2124 vocibus

274 2167 409 2246 opplent.
440 2185 472 2225 v.
491 2164 551 2226 151
573 2187 634 2227 non
651 2183 708 2242 per
726 2161 820 2224 icccc
834 2167 914 2224 66666
928 2181 1066 2224 vacuom.
1098 2184 1130 2224 v.
1149 2165 1211 2226 168
1227 2183 1365 2244 comper
1379 2163 1427 2225 in·

273 2285 332 2328 666
345 2271 446 2328 coeant
461 2287 599 2329 6666666.
616 2288 649 2328 v.
662 2267 739 2329 202:
757 2270 831 2348 quin
845 2285 972 2326 6666666
980 2284 1040 2346 per
1055 2264 1149 2328 66666
1163 2271 1303 2330 deorsum
1319 2276 1429 2330 666666

273 2375 417 2434 serenior.
448 2392 479 2432 v.
498 2371 575 2434 213:
599 2374 844 2451 transversosque
862 2372 964 2432 volare
982 2387 1038 2448 per
1058 2366 1162 2430 6666616
1177 2374 1305 2432 fulmins
1320 2376 1426 2434 cernis.

273 2495 304 2535 v.
323 2473 400 2537 217:
424 2497 548 2556 corpora
564 2497 632 2536 cum
647 2477 786 2536 deorsum
805 2476 918 2534 6667666
929 2491 986 2551 per
1000 2469 1262 2556 iocoefcrcotur.
1293 2494 1325 2535 v.
1344 2474 1424 2536 222:

272 2581 414 2640 66666666
426 2597 481 2657 per
496 2576 589 2639 66666
597 2574 798 2660 profundam.
815 2597 847 2636 v.
860 2574 937 2637 227:
955 2598 1015 2656 quo
1029 2578 1118 2637 616166
1133 2580 1247 2637 rectum
1255 2595 1315 2656 per
1330 2575 1425 2638 16666

260 2678 427 2764 ferocior.
443 2702 475 2743 v.
488 2682 565 2743 230:
577 2700 636 2760 per
645 2699 741 2762 aquae
754 2701 832 2760 queo
847 2701 975 2760 cumque
991 2680 1104 2741 666666
1118 2685 1211 2760 sique
1225 2681 1298 2740 6666
1307 2699 1422 2740 rarum.
1526 2667 1527 2728 J

271 2806 303 2847 v.
322 2785 399 2847 238:
417 2789 517 2847 omnis
531 2787 645 2847 debent
653 2801 712 2863 per
726 2767 819 2844 66666
834 2779 961 2864 quietem
981 2817 1013 2826 -
1033 2784 1112 2845 ferri.
1133 2801 1165 2842 v.
1185 2783 1246 2844 656
1262 2786 1357 2845 libera
1367 2801 1425 2862 per

272 2892 370 2949 terrae
384 2893 465 2952 unde
479 2893 554 2952 hoec
569 2891 773 2951 animantibus
789 2893 887 2948 exstat
907 2919 939 2930 -
959 2890 1102 2966 potestas.
1119 2905 1150 2946 v.
1169 2885 1230 2946 666
1241 2905 1308 2966 sq.:
1326 2890 1424 2948 omnis

272 2995 366 3069 enim,
388 2995 483 3055 767666
496 3011 556 3072 per
577 3009 700 3071 corpus,
723 2991 861 3053 materiei
880 2991 967 3071 copie
986 2992 1097 3051 conciri
1112 2990 1218 3066 66666,
1238 2993 1357 3052 conciis
1365 3008 1425 3069 per

271 3099 358 3156 66666
374 3093 469 3156 omis
488 3103 524 3158 66
544 3098 680 3158 sordium
699 3097 810 3156 mentis
831 3096 937 3155 conire
956 3099 1108 3173 66666666.
1138 3112 1170 3153 v.
1189 3090 1249 3154 271
1270 3096 1342 3156 inde
1353 3095 1423 3155 6661

272 3221 359 3280 porro
374 3216 433 3278 per
454 3202 549 3260 767666
570 3196 677 3278 corpus
695 3205 726 3260 66
741 3199 839 3258 ortos.
870 3217 902 3256 v.
920 3195 983 3258 664
998 3218 1051 3276 per
1066 3198 1177 3277 pabule
1191 3199 1280 3262 16666.
1310 3215 1343 3257 v.
1361 3195 1423 3257 688

271 3306 374 3365 lumen
382 3320 442 3382 per
453 3319 575 3364 6666666
583 3304 703 3364 6666616.
719 3299 779 3362 691
792 3318 841 3381 sq.
852 3318 911 3379 pcr
920 3297 1017 3360 661666
1031 3301 1102 3361 vine
1116 3301 1253 3362 videmus
1268 3303 1422 3381 perfluere.

271 3426 302 3467 v.
320 3405 381 3468 697
398 3403 521 3484 6666616
530 3424 589 3485 per
605 3409 748 3485 cuiusque
752 3400 916 3487 foramina
933 3423 1114 3483 permanere.
1130 3421 1163 3462 v.
1178 3401 1242 3464 474
1249 3420 1309 3482 per
1325 3405 1424 3462 666666

271 3512 451 3590 6666016666.
481 3529 514 3570 v.
533 3508 593 3570 555
607 3525 667 3587 per
689 3513 837 3569 porrorum
859 3525 928 3567 oros
945 3508 1108 3567 1161666616.
1139 3525 1171 3566 v.
1189 3505 1251 3566 698
1267 3528 1327 3587 quo
1342 3527 1422 3568 nunc

223 3605 229 3615 ’
269 3616 384 3693 insigni
397 3631 457 3693 per
476 3631 601 3690 6666666
620 3613 870 3694 praedicatorias
890 3643 922 3656 -
941 3613 1039 3671 166666
1052 3611 1171 3670 divinae
1185 3612 1296 3672 meniis
1311 3611 1421 3689 imago.

271 3735 302 3778 v.
323 3715 385 3777 613
402 3735 461 3796 per
479 3722 626 3778 terrerum
646 3713 743 3776 orbem
757 3717 859 3794 fruges
878 3716 1010 3794 coepisse
1032 3715 1134 3774 creari.
1164 3733 1197 3772 v.
1215 3712 1278 3774 694
1298 3733 1421 3792 magnes
1525 3773 1527 3780 ,

269 3823 391 3882 invecta
408 3837 466 3898 per
490 3816 587 3880 urbes.
620 3837 651 3879 v.
670 3818 731 3881 796
756 3821 927 3880 Chimaeras
951 3838 1071 3897 pascere
1085 3821 1233 3878 6666666
1247 3833 1307 3894 per
1322 3818 1422 3876 cereas

153 3981 156 3990 .
271 3919 500 4002 omiporeotie.
517 3942 549 3982 v.
562 3922 622 3984 951
635 3919 808 4001 percoctae
823 3917 1028 3984 eieciiomnie.
1044 3938 1077 3980 V.
1089 3919 1151 3982 949
1160 3922 1310 3996 materies,
1326 3915 1421 3978 omnis

272 4047 415 4088 concussa
434 4045 492 4105 per
510 4029 608 4086 66166.
638 4044 671 4086 v.
694 4025 771 4086 964:
797 4045 922 4106 corpore
941 4027 972 4085 vi
992 4026 1121 4105 quodem
1140 4020 1333 4102 perviscera
1351 4019 1421 4082 eico

265 4149 324 4210 per
339 4132 426 4190 66666
440 4132 605 4194 6616616666
620 4131 685 4190 666.
702 4147 733 4190 v.
750 4129 834 4191 1949
844 4150 851 4187 :
862 4145 922 4208 per
936 4145 1020 4188 66666
1034 4130 1120 4190 66116
1134 4133 1180 4188 666
1194 4129 1271 4190 finis.
1287 4122 1355 4202 III,
1368 4123 1419 4186 li:

271 4237 365 4294 767666
380 4236 468 4297 video
478 4251 537 4313 per
551 4230 644 4293 ioaoc
658 4236 723 4313 geri
737 4256 793 4296 res.
816 4250 849 4294 v.
868 4229 924 4293 ci:
941 4253 1018 4312 queo
1037 4265 1070 4276 -
1082 4248 1142 4310 per
1157 4225 1251 4289 ioaoe
1264 4235 1419 4309 geruniur.

271 4356 303 4399 v.
323 4337 401 4400 122:
421 4355 481 4418 per
505 4356 537 4398 oe
560 4344 607 4399 666
630 4339 730 4400 661666
754 4343 813 4402 cer.
844 4355 876 4397 v.
895 4334 956 4396 146
974 4352 1033 4413 per
1056 4336 1152 4394 767666
1175 4334 1283 4394 dissice
1302 4349 1418 4409 corpus.

271 4461 303 4504 v.
322 4441 382 4503 151
399 4459 458 4520 per
476 4437 604 4502 membra
623 4447 715 4523 atque
736 4443 823 4501 66166
838 4441 922 4502 66116
936 4441 1072 4500 novitate
1087 4439 1193 4499 cietur.
1223 4455 1257 4496 v.
1275 4435 1335 4497 166
1351 4455 1420 4494 con·
