3102 4988
229 371 291 432 138
656 387 800 432 vuuuuu.
834 388 906 432 cur.
924 389 957 431 x,

230 549 423 619 morandum
452 565 503 620 est
531 557 616 620 soliti
645 579 746 619 crimus
774 556 803 634 I,
829 560 903 635 458,
934 557 1117 641 praesentis
1146 557 1390 640 significatione

232 666 424 743 usurpatum
433 682 491 744 pro
501 660 640 732 solemur,
659 660 876 733 consuevimus,
893 667 932 722 ut
947 660 1033 723 coditi
1050 660 1208 724 adiectivi
1219 660 1262 723 sit
1271 661 1389 738 instar,

232 768 330 825 exuta
359 762 600 844 significatione
629 761 794 846 participii
818 761 969 846 perfecti.
1010 762 1052 827 cf.
1079 763 1147 842 III,
1175 767 1235 849 680
1260 769 1390 827 solitast.

232 865 307 928 Folo
327 872 437 928 autem
457 865 492 928 in
513 865 745 947 coniugatione
768 864 1005 949 periphrastica
1025 865 1065 928 de
1091 866 1221 930 actione
1242 865 1393 950 perfecta

144 971 149 982 ’
233 975 266 1030 θῖ
288 967 441 1030 absoluta
461 967 606 1051 positum
628 975 680 1030 θεῖ
695 969 769 1030 loco
786 968 846 1046 IV,
865 970 942 1030 836:
967 969 1101 1053 necfoit
1117 979 1187 1033 ante
1203 975 1305 1032 videre
1320 994 1393 1032 ocu·

233 1077 330 1134 lorum
350 1076 465 1134 lumina
483 1077 598 1134 oolam.
631 1071 786 1134 Lachm.:
812 1069 1013 1149 „Correotor
1034 1071 1186 1154 quadrati
1207 1072 1308 1151 solus,
1333 1071 1393 1134 sed

234 1171 368 1255 optime,
386 1179 491 1258 oolam
509 1175 581 1258 [pro
598 1174 702 1257 uolo}
735 1175 798 1236 hoc
820 1180 855 1236 et
876 1172 1007 1236 suavius
1029 1180 1081 1236 θεῖ
1103 1181 1137 1237 θῖ
1159 1173 1340 1258 simplicius
1358 1180 1394 1236 θῖ

233 1274 299 1337 illis
317 1297 398 1358 quae
415 1283 571 1339 secuntur
587 1299 618 1339 v.
632 1281 692 1340 850
710 1276 860 1354 similiuS,
877 1282 1032 1340 Etsedare
1042 1283 1125 1341 sitim
1141 1283 1223 1360 prius
1239 1289 1286 1341 θεῖ
1301 1301 1395 1360 quam

187 1417 195 1430 ·
234 1384 342 1461 pocula
350 1389 465 1443 natum.
490 1379 653 1460 Marullus
664 1403 730 1443 non
741 1381 824 1443 bene
835 1384 914 1442 oculi
930 1406 1020 1462 quam
1037 1385 1151 1444 lumina
1161 1387 1262 1444 nata.“
1287 1381 1394 1442 Recte

232 1480 415 1564 perfectum
431 1479 627 1545 restitutum'
641 1489 692 1545 θεῖ
702 1505 720 1546 θ
730 1483 943 1545 Lachmauno
959 1483 1026 1562 ΙΙΙ,
1038 1486 1117 1548 907:
1135 1493 1168 1548 at
1183 1510 1237 1548 nos
1253 1488 1395 1547 horrifico

234 1590 416 1648 cinefactum
436 1594 467 1648 ῖθ
489 1610 581 1668 prope
609 1591 698 1648 busto
719 1590 933 1650 insatiabiliter
954 1586 1126 1671 deflevimus
1146 1609 1205 1670 pro
1228 1607 1281 1664 eo,
1304 1585 1396 1669 quod

234 1684 310 1748 libri
325 1686 475 1770 impressi
495 1688 631 1764 habent,
653 1687 836 1772 deflebimus.
869 1689 1029 1772 Exempla
1044 1687 1184 1772 perfecti
1200 1694 1276 1773 post
1291 1673 1397 1772 parti-

235 1790 325 1852 culas
341 1791 432 1853 timul
447 1813 494 1862 oc,
512 1790 615 1862 uiuaci,
639 1790 691 1852 ool
710 1789 811 1872 positi
833 1798 926 1854 sunt:
951 1791 979 1869 I,
1000 1795 1050 1854 10.
1069 1794 1107 1856 87
1126 1813 1214 1875 sqq:
1238 1798 1286 1855 cui
1301 1791 1399 1854 simul

233 1899 330 1957 insula
345 1900 495 1975 virgineos
512 1899 623 1957 circum
641 1899 711 1956 data
727 1902 865 1976 comptus
880 1932 912 1940 —
923 1893 1095 1979 Jouuosiouoed
1114 1904 1145 1958 et
1160 1905 1292 1958 mestum
1302 1893 1400 1956 simul

234 2007 305 2061 ante
320 2021 384 2060 aras
400 2002 518 2060 adstare
535 2006 691 2080 parentem
706 1997 811 2058 eeoouo'l.
845 1996 906 2074 VI,
924 1999 1002 2060 440:
1025 2023 1114 2080 quam
1135 1997 1228 2060 ulmal
1243 2019 1280 2060 oc
1295 2001 1398 2079 gravi-

235 2107 304 2163 dam
326 2100 456 2162 detooeo't
478 2106 516 2163 ad
536 2125 665 2182 aequora
686 2105 783 2182 ponti.
816 2099 869 2161 Sic
885 2107 975 2163 recte
991 2099 1185 2163 Lambinus,
1219 2101 1399 2163 Corrector

168 2230 186 2258 ¹.
235 2202 372 2284 oblongi
393 2203 540 2266 detrudit.
572 2226 603 2265 v.
622 2207 700 2267 452:
725 2208 840 2267 Nubila
861 2213 1067 2283 concrescunt,
1090 2203 1141 2264 ubo·
1157 2228 1282 2286 corpora
1296 2208 1400 2267 multa

235 2311 364 2369 volando
380 2313 438 2369 hoc
453 2331 560 2388 supero
576 2313 608 2369 in
624 2312 700 2370 caeli
715 2313 813 2388 spatio
830 2307 926 2368 coiere
942 2317 1075 2389 repente.
1101 2306 1166 2369 Inf.
1181 2305 1321 2390 perfecti
1336 2326 1400 2388 per

136 2415 139 2422 '
235 2407 435 2472 antecedens
460 2411 502 2491 (v.
530 2410 627 2492 Synt.
653 2408 750 2492 prisc.
777 2430 839 2472 scr.
866 2409 926 2472 lat.
952 2409 1000 2487 ΙΙ,
1017 2433 1049 2493 p.
1069 2411 1120 2491 80)
1143 2413 1320 2492 usurpatus
1343 2415 1400 2471 θεῖ

235 2511 302 2588 ΙΙΙ,
322 2493 514 2575 bil-homines
530 2516 602 2574 dum
618 2539 648 2576 εθ
670 2518 744 2576 falso
764 2523 878 2576 terrore
898 2518 995 2576 coacti
1017 2512 1156 2597 effuoa'are
1175 2517 1285 2575 volunt
1304 2517 1400 2592 longe

236 2621 386 2697 longeque
402 2636 539 2677 remocce.
1151 2625 1159 2638 ·

161 2703 167 2712 ’
321 2721 352 2780 4.
383 2717 720 2803 Plooqoompecseotom
741 2718 781 2781 de
800 2716 942 2802 repetita
962 2715 1092 2779 actione
1112 2716 1259 2801 positum
1279 2722 1331 2779 θεῖ
1351 2715 1398 2794 V,

154 2833 159 2844 '
238 2823 311 2884 809.
330 2822 425 2884 1243.
457 2820 518 2898 VI,
541 2823 649 2912 12183
663 2822 715 2882 rodi
732 2826 888 2901 pastoral,
912 2825 1077 2902 languebat
1097 2829 1194 2883 morte
1216 2825 1399 2902 propinqua.

238 2921 516 2986 Conditionaliter
537 2922 680 3006 positum
703 2924 745 3001 V,
768 2925 844 2987 174:
869 2929 980 3005 quidve
1001 2927 1074 2986 mali
1088 2921 1204 3006 jberoi
1226 2927 1313 2986 nobis
1335 2947 1400 2986 non

167 3019 171 3026 ⁴
240 3052 302 3090 csse
318 3032 445 3091 creatis?
546 3043 552 3052 '

325 3133 355 3192 5.
380 3129 541 3192 Fatorum.
574 3128 641 3206 Ill,
665 3131 725 3193 573
749 3151 814 3210 sq:
838 3154 944 3212 corpus
965 3134 1046 3192 enim
1067 3136 1159 3211 atque
1180 3133 1316 3191 animans
1339 3127 1402 3190 orit

239 3243 298 3311 air,
314 3238 339 3296 si
354 3237 493 3296 cohibere
509 3239 540 3296 in
556 3258 587 3296 se
603 3238 733 3296 animam
749 3242 840 3316 atque
856 3239 888 3296 in
904 3257 954 3296 eos
970 3239 1084 3314 poterit
1097 3236 1277 3295 concludere
1287 3241 1400 3295 motus.

239 3335 280 3397 In
305 3333 410 3417 priore
435 3336 581 3398 membro
606 3344 695 3398 recte
720 3334 869 3398 restituit
889 3341 1020 3417 tempus
1040 3335 1188 3396 futurum
1210 3331 1402 3416 Naugerius

240 3437 309 3500 ecit.
341 3436 567 3500 Memorabilis
584 3444 636 3500 θεῖ
651 3440 744 3500 locus
760 3438 802 3516 V,
819 3441 895 3501 885:
914 3463 984 3502 nam
1000 3463 1087 3521 saepe
1104 3443 1196 3500 ctiam
1211 3461 1292 3500 nunc
1307 3441 1402 3500 ubera

240 3566 437 3606 mammarum
460 3546 492 3602 in
516 3547 627 3604 somnis
653 3547 798 3604 lactantia
821 3547 955 3625 quaeret.
995 3540 1034 3603 L.
1061 3539 1250 3618 „Marullus
1274 3539 1401 3622 primus

240 3644 377 3728 qaaerit,
411 3643 498 3724 quod
522 3666 589 3706 non
614 3665 716 3726 aeque
742 3651 868 3707 certum
893 3643 988 3720 duco,
1017 3641 1092 3725 quia
1116 3642 1227 3706 l'uturo
1250 3648 1401 3725 tempore

241 3747 321 3810 satie
330 3753 406 3829 apte
415 3745 536 3809 dicitur
542 3746 576 3809 id
585 3748 671 3829 quod
680 3748 764 3810 forte
773 3747 950 3830 aliquando
959 3744 1144 3827 contingat,
1156 3767 1223 3808 non
1233 3752 1401 3829 semper.“

233 3871 235 3876 ’
327 3853 356 3912 6.
382 3849 422 3912 In
447 3851 656 3912 consecutione
681 3850 901 3931 temperantia
926 3848 1114 3912 universum
1136 3847 1311 3911 Lucretius
1334 3869 1400 3909 non

241 3952 449 4037 discrepata
474 3951 608 4035 reliquis
634 3952 859 4036 scriptoribus.
899 3952 1109 4036 Quapropter
1136 3957 1226 4014 recte
1251 3973 1269 4013 a
1293 3950 1400 4012 Lach-

241 4078 359 4118 manno
384 4055 614 4140 imperfectum
639 4055 841 4119 coniunctivi
864 4054 1057 4118 restitutum
1082 4061 1133 4117 θεῖ
1154 4055 1197 4132 V,
1222 4056 1304 4117 1262
1325 4075 1397 4136 sqq.

236 4159 418 4239 peoclrodol
441 4185 490 4223 eos
512 4197 542 4204 -
564 4168 599 4222 ut
614 4164 671 4222 sibi
687 4164 749 4222 tela
765 4160 886 4231 doceat,
910 4164 1060 4241 silvasque
1076 4168 1112 4220 ut
1128 4163 1251 4222 caedere
1260 4161 1398 4237 poeeeol,

242 4282 318 4345 pro:
336 4271 371 4324 ut
386 4267 444 4326 sibi
459 4270 521 4327 tela
536 4272 644 4344 parent
659 4266 808 4344 silvasque
825 4272 856 4326 et
872 4269 976 4326 cedere
993 4267 1119 4343 possint,
1135 4259 1216 4324 item
1232 4257 1266 4322 in
1281 4279 1398 4321 cnunc.

244 4363 459 4428 conditionali
480 4365 540 4444 IV,
559 4369 619 4427 925
637 4387 721 4446 sqq:
749 4371 870 4448 quippe,
896 4370 948 4428 ubi
973 4369 1057 4428 nulla
1081 4370 1177 4426 latens
1203 4368 1313 4426 animai
1332 4387 1400 4444 pars
