3102 4988
229 397 290 459 134
653 416 797 460 666666.
831 418 903 462 666.
921 417 967 462 rx.

228 589 272 645 ite
291 591 363 650 haee
385 591 497 667 speeies
517 585 658 647 6666666
667 585 798 669 6616666.
829 585 954 663 111,·35
972 611 1042 671 sqq.
1066 594 1158 652 animi
1178 598 1286 654 natura
1302 587 1385 650 6166-

228 694 279 750 666
351 687 501 750 66666666
518 709 579 750 6666
595 698 627 750 66
641 698 740 752 metus
755 695 808 752 ille
822 695 900 754 foras
962 693 1107 771 6666666.
1132 715 1163 754 6.
1177 695 1238 756 532
1249 697 1386 756 mortalis

227 791 406 853 6666666666.
444 811 476 853 6.
501 791 560 853 735
586 796 642 854 hoe
666 801 770 855 tamen
791 802 837 856 est
858 803 893 856 ut
916 794 1119 876 quaerendum
1140 793 1281 857 61666666
1302 804 1333 858 66
1354 800 1386 858 16

228 899 388 956 discrimen
404 893 563 973 6666666.
595 916 626 956 v.
646 896 706 956 819
723 901 818 976 magis
837 901 1015 960 immortalis
1030 896 1208 960 6666667666.
1235 920 1265 960 v.
1285 898 1384 960 1075:

228 1021 305 1080 quae
324 1005 420 1060 restet
441 997 745 1078 66616666666666.
779 997 832 1060 sio
849 1005 939 1062 reete
955 998 1135 1062 Lambinus
1151 1021 1209 1083 pro
1225 1000 1384 1062 6666666.

228 1098 289 1176 IV,
302 1101 363 1162 118
375 1123 381 1159 :
399 1104 506 1162 horum
515 1105 696 1162 intestinum
706 1107 833 1182 quodvis
844 1108 932 1184 quale
943 1127 1005 1166 esse
1015 1102 1238 1182 protenderant!
1261 1125 1294 1164 v.
1307 1105 1385 1166 256:

229 1208 307 1266 illud
322 1207 354 1266 in
368 1208 416 1264 his
431 1207 521 1266 rebus
539 1207 662 1266 minime
678 1209 816 1267 mirabile
831 1205 1040 1268 habandona.
1072 1227 1103 1267 6.
1122 1208 1219 1268 1095:
1238 1211 1282 1268 nil
1298 1211 1389 1268 datur

229 1312 260 1370 in
277 1330 383 1388 corpus
399 1314 518 1388 praeter
533 1306 899 1398 61661666666666766..
915 1307 957 1385 V,
975 1310 1031 1370 666
1056 1314 1132 1372 ratio
1154 1309 1312 1371 reddunda
1332 1308 1386 1370 666.

229 1431 259 1470 6.
280 1410 357 1470 229ι
381 1432 436 1471 666
457 1407 596 1492 6666666
618 1408 819 1471 adhibendast
840 1415 936 1473 almae
958 1416 1084 1474 nutricis
1106 1415 1217 1474 blanda
1232 1421 1322 1493 atque
1341 1417 1385 1474 in-

229 1517 324 1574 sraota
354 1515 494 1592 loquella.
534 1509 595 1587 VI,
622 1513 662 1573 82
692 1517 790 1576 multa
819 1549 849 1558 --
878 1519 950 1574 6666
973 1509 1130 1576 6666666.
1170 1537 1201 1577 6.
1229 1517 1281 1576 84.
1308 1514 1386 1578 3746

230 1622 389 1696 propterea
403 1619 481 1678 freta
495 1623 567 1677 sunt
585 1620 658 1678 haee
674 1621 745 1678 anni
765 1615 989 1677 6666666666.
1021 1639 1052 1678 v.
1073 1617 1132 1680 779
1150 1639 1217 1700 sq.:
1243 1641 1297 1680 neo
1316 1625 1390 1680 sunt

229 1721 327 1779 multa
348 1739 453 1799 perum
475 1726 561 1780 tactu
583 1717 711 1780 6666666
731 1743 827 1800 neque
844 1727 945 1782 autom
962 1729 1085 1802 aspectu
1096 1719 1254 1803 sapienda
1270 1743 1390 1802 sapore·

230 1845 288 1902 que
303 1825 404 1884 tristia
419 1845 495 1902 quae
511 1826 581 1884 sint.
607 1844 637 1883 v.
657 1823 735 1882 828:
753 1826 796 1884 ibi
812 1828 852 1884 sit
868 1847 988 1904 quoque
1004 1827 1068 1886 vita
1084 1823 1237 1884 6666666.
1259 1825 1388 1885 61230

229 1928 313 1986 11166
334 1929 366 1986 16
387 1929 435 1986 his
456 1929 544 1986 rebus
564 1923 767 1986 6666666666
783 1949 966 2006 magnopere
982 1951 1076 1988 unum
1094 1931 1298 1989 aerumnabile
1314 1934 1389 1989 erat.

229 2027 271 2090 In
288 2049 355 2090 666.
374 2047 403 2090 6.
421 2025 480 2088 inf.
504 2026 551 2103 II,
569 2029 609 2089 41
632 2052 701 2090 nam
721 2033 803 2110 quod
823 2052 911 2111 saepe
927 2034 1063 2092 homines
1079 2033 1198 2092 morbos
1215 2034 1310 2109 magis
1327 2049 1390 2090 6666

230 2131 377 2193 66666666
450 2135 560 2193 ferunt.
588 2152 619 2191 v.
638 2132 699 2193 616
715 2135 858 2212 indignos
874 2151 936 2192 6666
947 2131 1114 2210 66666666.
1139 2131 1205 2208 ΙΙΙ,
1224 2134 1285 2194 866
1302 2137 1390 2195 nobis

229 2239 274 2298 nil
289 2254 351 2296 6666
366 2240 398 2296 in
413 2242 510 2296 morte
526 2232 700 2302 66666666.
723 2273 755 2280 —
781 2233 879 2316 Apud
900 2233 1095 2314 gerundium
1118 2239 1151 2296 et
1171 2232 1390 2316 gerundivum

231 2359 294 2420 qua
317 2335 505 2399 conditione
529 2335 666 2398 verbum
687 2342 730 2398 666
752 2334 861 2398 omitti
882 2336 999 2419 possit,
1021 2337 1095 2399 vide
1118 2359 1216 2420 supra
1237 2358 1308 2419 666.
1325 2335 1389 2399 VI.

229 2439 390 2522 Exempla
407 2438 575 2528 coniuncti
591 2459 666 2500 eum
680 2438 839 2520 gerundio
855 2439 947 2502 verbi
957 2439 1159 2504 substantivi
1169 2446 1247 2502 sunt
1256 2440 1392 2501 1166666.

227 2543 257 2619 Ι,
276 2545 336 2606 131
355 2541 396 2607 ad
411 2541 574 2604 66666666
589 2562 629 2605 ex
639 2541 913 2604 antecedentibus
925 2549 969 2604 666
979 2549 1090 2606 mente
1101 2549 1152 2604 est
1162 2541 1389 2625 repetendum.

229 2669 260 2708 6.
278 2648 340 2709 465
357 2650 561 2708 videndumst.
593 2643 655 2721 171,
673 2646 733 2707 647
752 2666 800 2726 sq.
822 2651 916 2708 Hisce
932 2651 991 2708 tibi
1005 2651 1037 2708 in
1053 2651 1141 2710 rebus
1164 2650 1391 2727 1666666166666

228 2749 391 2812 61666666
407 2757 438 2810 66
454 2785 483 2792 -
500 2745 731 2826 6666666666.
755 2746 784 2824 Ι,
797 2751 857 2810 205
874 2753 1071 2811 fatendumst.
1096 2771 1126 2810 v.
1137 2750 1212 2810 462.
1232 2747 1280 2824 ΙΙ,
1293 2750 1389 2810 1084.

229 2853 291 2930 IV,
304 2854 376 2915 526.
395 2850 457 2927 171,
470 2852 542 2914 697.
560 2849 589 2926 1,
602 2852 664 2912 382
681 2855 884 2914 dicundumst.
911 2850 985 2929 V‚8
1002 2845 1164 2916 dicendum
1181 2860 1235 2915 est.
1258 2849 1301 2928 V,
1314 2852 1389 2913 513.

231 2955 292 3034 Vl,
310 2958 371 3018 980
394 2959 476 3037 quod
499 2953 658 3015 66666666
678 2959 761 3036 prius
784 2975 845 3015 6666
863 2960 993 3017 videtur.
1024 2954 1072 3031 ΙΙ,
1090 2957 1130 3018 36
1147 2960 1318 3018 cubandum
1334 2962 1391 3016 est.

231 3081 262 3122 v.
287 3060 370 3121 1052
393 3063 478 3120 66116
504 3062 563 3120 iam
584 3064 672 3138 paeto
694 3062 756 3120 veri
775 3063 873 3120 simile
895 3083 957 3120 esse
974 3058 1187 3137 putandumst.
1223 3053 1290 3133 ΙΙΙ,
1314 3058 1390 3120 310.

232 3165 293 3225 668
315 3166 442 3226 mortale
463 3170 627 3242 utrumque
641 3160 855 3240 6666666666.
888 3183 918 3221 6.
938 3163 1010 3222 686.
1034 3162 1106 3222 688.
1129 3162 1202 3222 802.
1221 3161 1293 3221 926.
1326 3158 1391 3236 IV,

233 3267 305 3328 676.
330 3266 402 3328 773.
420 3265 493 3342 922.
526 3262 568 3339 V,
586 3265 659 3326 302.
679 3265 751 3326 643.
772 3265 832 3326 752
854 3268 913 3326 6161
939 3302 969 3309 -
990 3262 1204 3343 6666666666.
1237 3261 1297 3339 VI,
1316 3265 1391 3324 246.

233 3370 306 3430 262.
330 3369 403 3430 541.
428 3369 501 3428 665.
526 3368 600 3429 905.
636 3365 703 3442 III,
725 3368 786 3429 836
808 3389 857 3448 sq.
884 3370 1022 3430 utrorum
1046 3370 1084 3428 ed
1108 3390 1201 3447 regna
1225 3365 1394 3440 66666666

233 3475 372 3535 omnibus
392 3475 531 3533 humanis
552 3475 637 3532 66666.
668 3492 700 3531 6.
723 3452 784 3532 909
807 3475 1013 3552 quaerendum
1034 3478 1088 3532 est.
1119 3468 1162 3545 V,
1185 3471 1328 3532 590666
1350 3473 1395 3530 666

233 3574 415 3636 66666666.
453 3571 514 3650 VI,
537 3575 597 3635 919
624 3582 656 3636 et
674 3578 802 3636 nimium
824 3578 923 3655 longis
943 3576 1121 3654 ambagibus
1142 3577 1185 3634 666
1207 3571 1392 3633 66666666.

236 3678 339 3760 Saepe
362 3698 380 3738 a
395 3675 551 3738 Lucretio
574 3673 796 3738 nominativus
813 3674 965 3759 gerundii
981 3675 1193 3757 coniungitur
1209 3695 1283 3736 oum
1299 3693 1395 3735 6666-

235 3779 341 3843 sativo
368 3778 501 3842 obiecti.
540 3778 593 3841 Sic
616 3779 644 3855 l,
668 3782 745 3856 1116
773 3784 914 3841 66666666
938 3785 1081 3860 quoniam
1103 3798 1217 3858 666666
1239 3783 1272 3840 in
1296 3785 1395 3839 morte

234 3885 439 3948 6666666666.
471 3905 502 3944 v.
522 3885 599 3945 138:
621 3883 717 3944 66666
739 3887 824 3945 novis
846 3887 944 3945 verbis
965 3887 1140 3963 praesertim
1161 3906 1229 3944 cum
1245 3877 1286 3942 666
1302 3901 1395 3959 6666-

235 3988 315 4049 666.
350 4009 381 4049 6.
400 3989 477 4049 3816
501 3995 554 4048 666
573 3990 669 4068 igitur
692 3995 777 4048 motu
795 3984 1011 4065 privandumst
1027 4006 1151 4065 6666666
1168 4003 1312 4067 6666666.
1344 3981 1395 4058 ΙΙ,

235 4093 312 4154 492ι
331 4095 505 4153 addendum
521 4095 615 4172 partis
631 4094 704 4152 alias
720 4095 786 4152 erit.
818 4111 849 4149 6.
870 4089 952 4150 1129
968 4113 1074 4161 manus
1091 4093 1224 4150 dandum
1240 4094 1295 4150 est.
1325 4083 1396 4162 III,

236 4195 313 4256 391:
346 4219 441 4275 usque
471 4197 545 4256 adeo
576 4197 658 4274 prius
689 4197 733 4258 666
762 4197 794 4254 in
824 4195 911 4254 nobis
935 4190 1031 4253 66666
1058 4191 1194 4252 6666666
1222 4187 1280 4271 (sio
1305 4194 1397 4250 reete

236 4294 401 4360 Aventius
416 4316 474 4378 pro
491 4295 620 4377 616666).
647 4316 679 4355 6.
696 4296 773 4355 6266
792 4299 935 4376 quinque,
952 4302 988 4357 66
1003 4299 1119 4376 opinor,
1136 4290 1399 4376 eumfaeiandum

237 4405 280 4462 666
302 4405 439 4463 sensibus
460 4403 591 4460 666666.
627 4420 658 4459 6.
677 4399 750 4459 926.
768 4395 830 4474 117,
851 4397 908 4460 777
927 4419 975 4478 sq.
998 4397 1154 4478 inulteque
1170 4401 1257 4458 nobis
1273 4394 1398 4456 676666-
