3102 5000
262 401 323 460 130
669 415 811 458 venenu.
845 415 916 458 one.
935 415 1009 458 vm.

258 587 332 648 ele.
351 583 412 661 IV,
432 586 509 648 773:
534 583 650 644 66161666
671 555 792 665 1666166
809 589 898 646 celeri
916 583 1258 662 66116666666666666.
1291 582 1320 659 I,
1339 585 1415 646 205:

258 687 307 748 616
320 692 417 768 igitur
430 692 495 750 fieri
511 691 549 749 de
565 691 628 748 nilo
638 705 730 765 66666
734 685 945 768 6666666666.
972 708 1004 747 v.
1017 687 1094 747 399:
1114 706 1176 746 6666
1186 691 1218 749 16
1228 690 1316 748 rebus
1327 686 1418 748 16666

258 799 361 854 temen
370 788 503 873 fateare
524 797 683 852 necessest.
714 787 744 864 I,
763 790 840 851 269:
865 809 942 871 quae
958 809 1084 868 corporo
1099 797 1168 851 1616
1183 797 1334 852 necessest
1349 808 1417 860 666-

249 894 364 975 6166666
379 912 441 954 eece
454 897 487 954 in
495 897 584 954 rebus
594 916 650 954 neo
659 911 749 970 66666
759 895 864 954 videri.
886 913 917 953 v.
931 893 1009 954 224:
1028 897 1141 954 nullius
1158 891 1284 952 6616666
1296 889 1418 970 6661666

210 1040 214 1045 -
259 1004 368 1057 notura
391 994 502 1056 616661.
534 1017 565 1058 v.
585 995 646 1056 363
664 1015 729 1075 sq.:
757 993 928 1056 66666666
950 985 1263 1074 666616616666666.
1296 992 1338 1070 V,
1356 994 1417 1055 353

259 1122 313 1160 666
330 1101 494 1176 pererrare
509 1096 581 1176 6661
606 1135 637 1143 -
662 1097 832 1180 66166666.
864 1096 893 1173 Ι,
911 1098 973 1159 333
991 1118 1059 1178 sq.:
1085 1120 1140 1160 nec
1164 1096 1244 1157 61666
1269 1099 1418 1157 errantem

259 1199 401 1261 debitore
425 1209 456 1262 et
480 1220 624 1282 quaerere
648 1225 765 1282 semper
789 1204 826 1262 de
848 1224 965 1263 summa
984 1225 1083 1263 rerum
1104 1203 1260 1262 61666166
1277 1197 1419 1282 diffidere

259 1307 358 1366 dictis.
380 1325 411 1364 v.
426 1304 485 1365 365
498 1324 565 1384 sq.:
585 1323 632 1364 ree
642 1308 784 1385 quoniam
801 1302 890 1364 66666
905 1322 1066 1382 66666666
1082 1308 1175 1366 creari
1190 1307 1228 1365 de
1243 1307 1306 1365 nilo
1321 1325 1419 1382 neque

259 1412 334 1468 item
350 1411 468 1486 genitos
484 1411 522 1468 66
538 1410 582 1468 611
596 1411 738 1471 revocari.
760 1405 874 1482 V1‚43
887 1426 958 1486 sqq.
978 1405 1037 1468 371
1055 1427 1123 1487 eq.:
1142 1404 1232 1467 66661
1245 1443 1284 1490 γ-
1304 1409 1420 1468 semine

258 1508 367 1569 666666
383 1529 473 1570 cuore
488 1508 592 1570 66666.
624 1507 653 1585 I,
671 1510 749 1571 341:
767 1514 866 1572 multe
888 1545 920 1554 -
941 1513 1054 1572 moveri
1070 1514 1228 1572 cernimus.
1254 1505 1303 1583 ΙΙ,
1316 1507 1354 1570 69
1367 1528 1418 1587 sq.

198 1635 200 1640 ·
261 1613 337 1674 209:
360 1636 421 1673 non
442 1611 550 1672 666666
570 1617 602 1675 16
618 1621 729 1676 terrem
745 1617 849 1674 6161166
865 1621 896 1675 61
912 1616 1009 1674 sidere
1025 1610 1146 1673 6666666
1175 1609 1218 1688 V,
1236 1611 1418 1672 306-310.

259 1714 288 1790 I,
306 1716 384 1776 3656
403 1718 471 1796 plus
488 1739 550 1778 esse
566 1719 624 1778 sibi
641 1715 778 1777 66666666
794 1719 900 1778 inanis.
932 1737 963 1776 v.
981 1716 1043 1776 366
1060 1735 1110 1796 sq.
1132 1723 1164 1776 61
1179 1721 1284 1777 contra
1299 1717 1420 1794 gravius

256 1817 375 1896 666616
395 1842 426 1880 66
448 1823 579 1899 corporis
596 1838 659 1880 6666
675 1816 796 1879 6661666
812 1827 844 1882 61
859 1822 956 1880 multo
975 1823 1063 1880 vacui
1081 1822 1180 1880 minus
1200 1822 1282 1880 intus
1297 1815 1419 1878 666666.

259 1942 290 1981 v.
309 1920 371 1984 373
386 1942 474 2002 sqq.:
493 1921 597 1982 666666
612 1926 810 2003 squamigeris
826 1921 933 1982 6666666
949 1924 1118 1983 nitentibus
1135 1919 1225 1981 61666
1240 1929 1272 1982 61
1287 1923 1420 2000 liquidas

259 2023 379 2102 666666
394 2029 456 2086 6166
480 2059 509 2068 -
530 2028 572 2086 616
588 2018 676 2085 66166
685 2048 805 2105 quoque
821 2044 868 2085 ree
883 2029 964 2086 inter
979 2047 1009 2086 se
1019 2043 1110 2103 66666
1125 2027 1240 2086 moveri
1255 2031 1286 2085 61
1301 2029 1421 2084 mutere

259 2132 368 2190 locum.
393 2149 425 2194 v.
438 2129 515 2189 382:
536 2148 597 2188 6666
613 2125 780 2190 66666666
796 2125 1210 2190 61666666666656616666.
1238 2147 1268 2187 v.
1282 2126 1343 2188 861
1355 2145 1420 2206 sq.:

259 2236 320 2292 sive
344 2229 423 2291 66666
444 2229 539 2290 66616
560 2234 723 2293 commixto
739 2253 862 2312 corpore
878 2229 986 2291 616666
1002 2250 1076 2292 6666.
1109 2225 1361 2310 1Ῑ,313((11661)
1384 2265 1416 2272 -

258 2332 508 2395 666666616616
524 2336 727 2396 membrorum
744 2354 806 2394 6666
825 2338 938 2415 impete
954 2337 1071 2394 66666.
1104 2333 1207 2394 Recte
1223 2329 1371 2392 homiuem
1387 2329 1420 2392 in

259 2433 394 2496 scholiis
411 2434 451 2498 ad
469 2433 569 2498 Statii
584 2433 770 2498 Thebaidos
791 2435 868 2513 VII,
887 2439 948 2499 585
964 2457 1022 2518 pro
1041 2434 1170 2496 666166.
1202 2433 1231 2511 I,
1250 2436 1327 2496 500:
1346 2438 1420 2496 dum

262 2577 293 2586 —
315 2537 510 2620 cupediarios
531 2559 593 2600 6666
615 2559 649 2601 66
672 2563 747 2622 quae
766 2543 863 2602 solido
879 2547 971 2621 atque
987 2547 1110 2603 aeterno
1127 2561 1250 2620 corpore
1267 2545 1419 2600 constent.

257 2665 289 2703 v.
315 2644 392 2704 515:
419 2647 443 2712 si
468 2667 529 2705 non
559 2680 590 2688 -
619 2642 750 2706 solidum
774 2647 912 2704 66666666
936 2641 1105 2725 relinquor.
1138 2664 1168 2704 v.
1196 2642 1271 2703 703:
1298 2639 1421 2723 6616616

258 2756 361 2808 tumen
386 2766 448 2808 6666
467 2744 645 2828 relinquor?
675 2743 879 2826 111,eesq.:
906 2771 1004 2828 neque
1029 2745 1126 2806 66666
1150 2765 1212 2805 6666
1236 2744 1422 2824 6666666666

259 2849 408 2932 61661666
418 2869 591 2930 puramque
607 2845 766 2930 relinquit.
798 2847 827 2924 I,
846 2850 907 2913 613
924 2870 992 2931 sq.:
1015 2853 1095 2912 unde
1111 2871 1209 2930 neque
1225 2846 1421 2930 6666616616-

259 2973 348 3034 6666
371 2976 469 3033 neque
495 2949 713 3014 6661661166
737 2935 1014 3016 66666616661616.
1051 2974 1082 3013 v.
1107 2952 1184 3015 723:
1210 2955 1260 3012 hic
1284 2957 1422 3014 Aetnaea

259 3054 417 3116 66666666
431 3079 585 3116 murmura
600 3059 787 3116 flemmarum
803 3053 1193 3134 666661666666166661166.
1215 3075 1246 3115 v·
1260 3053 1320 3116 716
1332 3073 1419 3134 sqq.:

260 3163 342 3240 quod
366 3162 489 3220 omnino
504 3159 601 3240 ficere
626 3183 687 3220 non
712 3177 774 3218 6666
798 3163 934 3223 secandis
959 3162 1134 3239 corporibus
1147 3153 1294 3241 ferient,
1322 3178 1421 3237 neque

254 3282 386 3341 666666
410 3264 492 3322 sture
516 3266 641 3342 fragori,
666 3285 722 3323 nec
748 3285 885 3342 prorsum
909 3266 941 3323 in
965 3265 1054 3324 rebus
1079 3259 1234 3322 6161666
1258 3257 1421 3320 consistere

260 3363 430 3447 66166666.
456 3362 523 3440 ΙΙΙ,
542 3366 602 3426 100
621 3385 668 3445 sq.
688 3368 769 3446 quod
777 3363 889 3447 sociat
903 3385 957 3425 666
972 3363 1073 3426 uicere
1088 3387 1156 3426 cum
1172 3387 1270 3426 sensu.
1296 3383 1327 3422 v.
1340 3362 1419 3424 301:

261 3490 337 3549 quae
354 3465 653 3550 tremclcmsucr'urrt
668 3471 810 3530 membris
827 3465 970 3528 66666666
985 3471 1106 3528 66666.
1133 3489 1165 3530 v.
1178 3467 1254 3528 878:
1274 3469 1326 3528 sed
1330 3463 1422 3548 facit

261 3591 323 3631 6666
347 3575 392 3632 661
417 3568 562 3651 6666666
586 3595 675 3651 super
699 3574 810 3632 inscius
834 3574 908 3651 ipse.
939 3569 981 3646 V,
1000 3572 1077 3632 662:
1105 3593 1181 3652 quae
1194 3566 1328 3652 facient
1349 3573 1421 3630 66116

261 3694 338 3734 6666
354 3697 472 3755 semper
488 3672 604 3736 lecerius
616 3671 716 3751 61666.
749 3693 780 3732 v.
800 3673 876 3735 703:
901 3677 953 3754 qui
963 3670 1097 3755 ferirent
1113 3672 1203 3734 66666
1219 3680 1301 3734 certe
1317 3671 1420 3748 66666-

257 3796 329 3854 666
353 3785 447 3858 perte.
479 3798 510 3837 v.
531 3776 608 3838 761:
635 3799 711 3857 quae
725 3774 858 3858 socient
879 3774 960 3854 66616
982 3773 1418 3858 1666666166666166666666.

263 3878 324 3956 VI,
344 3880 405 3941 367
415 3901 421 3938 :
432 3877 567 3962 flumina
584 3876 741 3939 abcedere
756 3885 791 3940 61
796 3878 945 3962 fecerent
961 3899 1139 3960 composque
1155 3883 1275 3940 666666.
1302 3899 1333 3940 v.
1345 3879 1419 3940 455:

262 3987 335 4046 haec
340 3981 474 4066 ferirent
490 3986 620 4062 primum
633 3975 747 4060 66666
763 3981 925 4043 6666166666
941 3981 1043 4042 66666.
1071 4002 1102 4041 v.
1115 3983 1192 4042 513ι
1211 3987 1284 4044 facit
1300 3986 1420 4044 effluere

262 4088 375 4147 imbris.
406 4086 638 4146 mele-416.
670 4081 698 4160 I,
718 4085 800 4148 1057
818 4105 907 4166 sqq.:
934 4083 1032 4162 16666
1056 4089 1080 4146 61
1105 4083 1263 4167 66166666
1280 4104 1369 4164 66666
1388 4088 1420 4144 16

262 4213 292 4250 66
318 4192 422 4250 sistere
447 4186 558 4258 666666,
584 4195 615 4253 61
640 4210 716 4269 quae
741 4192 874 4268 pondera
898 4195 969 4250 sunt
993 4191 1049 4249 sub
1074 4192 1161 4249 terris
1183 4187 1283 4248 66616
1304 4211 1420 4250 sursum

263 4290 357 4352 nitier
378 4296 410 4358 16
430 4299 569 4373 terreque
591 4299 672 4353 retro
692 4289 878 4372 requiescere
892 4294 996 4370 66666.
1029 4288 1090 4367 IV,
1114 4292 1195 4352 1036
1219 4311 1268 4372 sq.
1299 4288 1341 4366 V,
1358 4289 1420 4350 313

263 4393 495 4459 Lachmannus
521 4392 651 4456 scribit:
684 4419 759 4475 quae
778 4392 854 4477 sore
884 4419 1026 4475 proporro
1057 4392 1242 4475 6661666666
1271 4413 1420 4455 senescere
