3102 5002
234 425 254 488 4
641 439 812 485 suesmnr.
838 439 910 484 cnr.
928 437 979 484 111.

234 612 397 676 metandis
423 612 520 676 rebus
547 611 770 695 compluribus
792 609 1003 674 memorabile
1030 609 1216 692 exemplum
1242 614 1335 672 extat
1357 607 1424 680 ing
1479 615 1482 622 ’
1538 671 1539 674 ,

233 716 261 794 Ι,
283 721 346 780 455
360 731 453 799 'sqq.:
485 715 642 778 servitium
667 726 785 792 contra,
810 719 997 796 paupertas,
1024 713 1226 796 decoremque,
1251 712 1389 784 libertos,

234 820 361 893 bellem,
386 819 565 892 eoncordia,
589 824 688 880 cetera
710 856 740 865 -
761 825 835 882 haec
856 822 939 880 soliti
960 843 1062 880 sumus
1088 854 1120 886 ,-
1146 827 1255 880 eventa
1274 841 1389 879 vocare.

232 923 333 984 Porro
350 920 563 984 memorabile
580 928 642 998 est,
661 921 748 1003 quod
763 921 798 982 in
814 918 1095 1003 comparationum
1111 919 1215 983 altero
1230 919 1388 996 membru,

236 1025 324 1107 quod
340 1025 457 1108 incipit
467 1047 486 1086 a
495 1023 667 1109 particulis
678 1022 931 1108 comparationis
947 1029 993 1097 ot,
1012 1043 1077 1096 ceu,
1094 1045 1194 1106 qnam,
1207 1021 1389 1086 aLucretio

233 1127 408 1191 nunidem
430 1150 524 1191 casus
547 1127 656 1210 quiin
678 1127 783 1212 priore
803 1127 965 1204 membru,
992 1125 1049 1188 sed
1069 1125 1291 1189 nominativus
1313 1124 1390 1208 poni

231 1231 328 1294 solet.
376 1231 429 1293 Sic
446 1230 514 1309 ΙΙΙ,
535 1234 596 1294 613
614 1253 681 1313 sq.:
705 1218 845 1294 nontam
865 1255 896 1294 se
911 1235 1041 1293 moriens
1057 1234 1179 1293 dissolvi
1196 1253 1389 1312 conquerere·

232 1347 298 1412 tur,
315 1339 368 1396 sed
384 1341 479 1416 magis
501 1340 544 1398 ire
565 1341 642 1424 foras
662 1343 837 1416 vestemque
857 1339 1040 1415 relinquere,
1056 1342 1092 1396 ut
1107 1332 1233 1412 ceperis,
1257 1331 1345 1414 adq.
1364 1331 1387 1394 l.

235 1437 331 1498 affert
346 1436 579 1500 Lachmannus
596 1460 626 1499 v.
644 1441 707 1500 456
727 1445 809 1520 Ergo
830 1441 954 1500 dissolvi
974 1461 1092 1519 quoque
1113 1441 1255 1500 convenit
1270 1460 1388 1499 omnem

233 1546 346 1604 animai
362 1551 510 1618 naturam,
526 1540 713 1626 censemus,
738 1546 770 1603 in
790 1545 867 1604 altas
882 1545 959 1603 adris
974 1565 1069 1604 auras.
1089 1561 1122 1602 v.
1139 1543 1202 1602 425
1219 1560 1290 1620 sqq.
1309 1533 1396 1620 prin?

233 1650 312 1726 cipio
333 1650 475 1726 quoniam
490 1654 613 1708 tenuem
635 1655 771 1708 constare
791 1649 916 1706 minutis
937 1649 1110 1728 corporibus
1127 1648 1216 1707 docui
1231 1647 1389 1722 multoque

231 1752 398 1811 minoribus
425 1771 487 1811 esse
512 1752 667 1830 principiis
696 1753 806 1810 factam
835 1772 925 1829 quam
950 1747 1087 1830 liquidus
1115 1769 1199 1808 remor
1223 1751 1311 1828 aquai
1335 1754 1389 1808 aut

230 1851 341 1912 nebula
359 1858 412 1913 aut
416 1849 530 1936 ferreus
552 1856 633 1912 cett.
657 1850 719 1927 IV,
738 1852 799 1913 698
817 1871 866 1931 sq.
889 1855 998 1914 deinde
1019 1856 1120 1914 videre
1141 1856 1214 1914 licet
1230 1847 1386 1932 (odorem)

229 1959 393 2017 maioribus
410 1978 472 2016 esse
488 1965 622 2017 creatum
638 1959 793 2036 principiis
810 1978 899 2035 quam
917 1975 983 2015 voa.

315 2055 466 2139 Denique
483 2056 574 2119 locos
590 2055 767 2120 nonnullos
784 2056 894 2133 affero,
912 2055 969 2118 ubi
978 2055 1200 2120 nominativus
1211 2054 1386 2118 restitutus

230 2165 282 2222 est
297 2158 453 2222 Lucretio
471 2182 489 2222 a
506 2158 640 2222 criticis,
672 2159 715 2237 V,
733 2160 809 2223 507:
831 2163 988 2240 Significat
1003 2159 1130 2222 Pontou.
1177 2158 1230 2222 Sic
1247 2157 1383 2220 Lachm.

229 2284 287 2346 pro
303 2269 411 2343 ponto.
443 2285 478 2349 vr
501 2265 577 2326 738:
601 2269 678 2326 veris
701 2269 898 2345 praenuntius
920 2272 991 2326 ante
1012 2275 1161 2346 pennatus
1181 2267 1319 2344 graditur
1338 2282 1386 2323 cc-

223 2366 360 2450 pleprus,
385 2389 416 2428 v.
440 2365 577 2428 Lachm.
600 2386 632 2428 v.
653 2367 729 2428 948:
759 2371 889 2448 denique
913 2377 986 2429 nota
1011 2365 1082 2447 cepi
1103 2371 1252 2430 silvestria
1272 2370 1388 2448 templa

230 2474 378 2533 tenebant
405 2474 626 2552 Nympharum.
672 2467 725 2532 Sic
749 2467 886 2531 Lachm.
918 2491 975 2553 pro
1000 2469 1096 2548 napis.
1129 2457 1190 2547 VI,
1209 2473 1285 2532 144:
1318 2494 1386 2532 cum

228 2578 381 2654 frangitur
410 2578 523 2635 aestus.
570 2577 679 2634 Aestus
704 2570 837 2656 scripsit
860 2571 1027 2635 Antonius
1052 2571 1159 2635 Marii.
1212 2570 1386 2634 Corrector

232 2674 369 2756 oblongi
387 2681 421 2738 et
432 2673 630 2758 exemplaria
645 2675 803 2760 impressa
819 2682 917 2749 aestu,
935 2675 1086 2738 absurde.
1104 2675 1166 2753 VI,
1181 2677 1277 2738 1011:
1295 2699 1385 2758 quam

232 2783 325 2842 validi
362 2783 432 2842 ferri
468 2785 581 2841 reaturo
613 2785 641 2841 ct
670 2784 799 2861 frigidus
829 2785 942 2843 horror.
993 2778 1046 2842 Sic
1071 2778 1298 2842 Wakefieldus
1326 2801 1384 2862 pro

232 2894 357 2944 naturae
381 2887 416 2944 l'r.
439 2888 469 2944 h.
501 2883 648 2946 v.1032:
678 2887 776 2946 trudit
797 2892 828 2946 et
847 2888 993 2966 impellit,
1020 2890 1104 2965 quasi
1132 2908 1237 2947 navem
1258 2888 1385 2964 velaque

234 2990 351 3046 uentus.
399 2983 452 3047 Sie
469 2983 546 3047 Pius
568 2991 658 3048 recte
682 3007 740 3069 pro
762 2985 871 3048 centis.
902 3008 934 3048 v.
953 2987 1051 3050 1040:
1074 2986 1130 3048 ille
1152 2992 1256 3049 eodem
1280 2991 1383 3048 lentur.

230 3086 283 3149 Sic
299 3086 436 3150 Lachm.
454 3109 512 3171 pro
528 3087 596 3150 ille.

620 3261 622 3266 ’
681 3243 716 3296 Β.
751 3243 927 3298 Ablativus·

512 3390 513 3393 ¹
570 3366 593 3415 1.
630 3367 1040 3430 Abletivusquentitetie.

316 3499 479 3564 Ablelr'ees
495 3500 565 3564 loci.
593 3503 621 3584 a)
631 3500 794 3583 principii.
818 3501 847 3578 Ι,
865 3503 943 3566 163:
961 3508 1096 3566 volucres
1113 3503 1272 3586 (possent)
1288 3522 1386 3564 erem·
1414 3583 1416 3586 Ι

225 3626 300 3686 pere
316 3605 410 3667 coelo.
444 3603 487 3681 V,
505 3607 567 3668 458
583 3616 680 3668 terrae
697 3605 839 3684 pertibus
855 3627 1020 3686 erumpens.
1053 3606 1081 3683 I,
1101 3608 1163 3668 194
1178 3615 1292 3668 secreta
1308 3610 1385 3668 cibo.

228 3710 289 3771 370
313 3712 460 3772 deducere
480 3732 560 3771 vero.
592 3707 639 3785 II,
656 3711 712 3770 46:
736 3699 869 3791 curaque
891 3710 1032 3770 solutum.
1064 3708 1130 3786 ΙΙΙ,
1149 3711 1226 3772 687:
1250 3713 1305 3771 leti
1322 3709 1386 3787 leffe

228 3813 356 3874 solutor.
374 3810 477 3888 Lesa
494 3815 528 3873 et
544 3808 606 3887 IV,
622 3813 655 3874 7:
672 3817 855 3894 religionum
870 3818 1004 3876 animum
1020 3811 1108 3874 nodie
1122 3812 1272 3874 resoluere
1282 3836 1384 3893 pergo.

146 3932 150 3940 ·
230 3913 298 3992 III,
309 3915 387 3977 903:
407 3913 575 3976 dissoluont
590 3951 621 3960 —
636 3936 743 3994 meque
759 3941 789 3978 se
805 3937 916 3995 sopore
931 3921 1080 3998 metuque.
1097 3914 1158 3991 VI,
1172 3917 1385 3998 1203001111)-

228 4028 279 4080 tus
300 4023 422 4098 sanguis
443 4016 570 4098 erplcte'e
585 4016 711 4079 naribus
726 4017 801 4080 ibor.
834 4017 862 4096 Ι,
880 4020 941 4082 670
958 4027 992 4081 ct
1009 4021 1069 4081 792
1086 4027 1120 4081 et
1135 4017 1202 4096 III,
1221 4021 1297 4081 519:
1315 4043 1384 4082 nam

228 4125 310 4202 quod
337 4145 466 4202 cumque
489 4119 553 4182 sele
577 4129 730 4184 mutatum
745 4121 863 4205 finibus
887 4121 960 4184 ecit.
993 4121 1053 4198 IV,
1072 4125 1149 4185 514:
1176 4147 1339 4205 normaque
1360 4127 1386 4186 si

229 4229 321 4287 {bilex
335 4222 428 4285 rectis
438 4222 610 4302 ropionibus
620 4223 743 4286 ecit-v.
758 4227 855 4312 1041:
873 4230 954 4308 quod
970 4231 1060 4289 simul
1075 4234 1166 4307 atque
1181 4225 1246 4288 ereis
1256 4231 1385 4292 eiectum

228 4325 349 4388 sedibus
371 4332 441 4390 exit.
473 4329 673 4410 v.1147sq.
699 4333 814 4392 retibus
838 4334 911 4412 ipsis
935 4334 1024 4393 exire.
1056 4328 1118 4406 VI,
1137 4331 1217 4392 1221
1245 4335 1385 4392 exeibant

228 4435 320 4500 silvis.
364 4428 411 4524 ΙΙζ
436 4432 474 4492 18
500 4455 622 4514 corpore
647 4437 809 4494 seiunctus.
845 4432 912 4510 ΙΙΙ,
937 4435 997 4496 585
1024 4437 1094 4514 quia
1118 4438 1197 4494 molo
1224 4433 1287 4494 loco
1313 4443 1385 4497 sunt
