3102 5000
270 412 310 471 88
682 425 839 470 0010000.
873 425 944 468 osa.
962 425 1008 468 ιν.

270 601 354 661 00100
379 621 440 660 0000
465 602 554 660 deum
576 634 605 641 -
626 586 660 656 io
684 597 788 658 mundi
806 593 952 674 partibor
976 593 1060 656 01110.
1092 616 1123 656 v.
1142 596 1203 658 696
1228 600 1351 659 crassior
1374 603 1414 659 est

271 697 361 762 cerdis
375 685 409 761 ia
417 697 562 780 partibor
577 707 636 762 air.
656 721 687 761 v.
702 698 762 762 734
772 704 864 780 06000
879 702 939 760 0110
952 701 1035 760 illius
1044 702 1174 780 reparari
1190 696 1224 760 c'o
1236 698 1414 778 000601000-

271 828 338 886 que.
369 801 436 879 ΙΙΙ,
454 803 516 864 664
533 822 581 883 00.
605 799 739 863 omnibus
761 825 823 864 esse
838 805 934 882 igitur
947 807 1028 864 totas
1044 805 1177 864 dicamus
1192 799 1226 863 ia
1242 799 1414 882 1111000061-

271 904 348 968 colis
371 908 504 970 animas?
526 902 574 980 ΙΙ,
592 906 647 966 29:
670 909 813 987 prostrati
833 902 867 964 io
882 902 1022 983 oramine
1036 902 1122 965 molli
1141 931 1173 958 =
1193 903 1236 981 V,
1254 905 1347 981 1392,
1364 901 1415 966 ubi

272 1012 435 1071 corrector
464 1005 600 1090 oblongi
624 1006 763 1087 9νο06100
792 1005 923 1092 scripsit
951 1028 1008 1090 pro
1035 1005 1187 1087 oramina.
1224 1005 1273 1084 ΙΙ,
1296 1007 1336 1070 35
1353 1028 1414 1088 sq:

272 1109 429 1174 dactilibus
443 1115 468 1173 si
483 1108 516 1171 c'c
528 1109 660 1194 pictoris
676 1115 815 1194 ostroque
830 1109 951 1172 roseco·
965 1114 1094 1188 iactaris,
1110 1133 1200 1193 quam
1215 1114 1241 1172 si
1255 1108 1289 1171 io
1297 1108 1417 1190 plebeio

271 1219 351 1276 ceste
370 1217 541 1276 cubandum
560 1221 615 1276 est.
646 1211 694 1290 ΙΙ,
716 1214 771 1277 37ι
798 1237 858 1297 000
880 1222 1003 1296 propter
1030 1217 1172 1296 quoniam
1196 1217 1239 1275 nil
1263 1218 1364 1274 nostro
1387 1211 1418 1274 ic
1450 1201 1453 1208 ⁴

272 1337 393 1397 corpore
407 1340 497 1398 gazae
513 1321 682 1400 proficiunt.
700 1338 730 1378 v.
749 1317 811 1380 436
822 1317 897 1398 (res)
913 1341 989 1400 quae
1004 1316 1038 1379 ic
1053 1335 1174 1396 corpore
1189 1324 1299 1379 natast.
1316 1338 1346 1378 v.
1358 1317 1416 1378 438

273 1445 342 1486 cum
365 1424 491 1485 turbant
515 1439 637 1498 corpore
661 1418 693 1480 ic
718 1417 783 1500 0000
807 1424 927 1484 semina.
955 1442 987 1482 v.
1005 1419 1082 1482 673:
1108 1421 1141 1480 ic
1165 1439 1286 1499 corpore
1309 1425 1416 1484 celant.
1517 1449 1518 1490 ι

272 1546 303 1586 v.
322 1524 398 1586 852:
421 1528 531 1586 mixtos
553 1521 586 1584 io
602 1541 724 1602 corpore
739 1527 854 1586 odores.
885 1545 917 1586 v.
935 1525 1011 1585 958:
1035 1522 1237 1584 dominantem
1252 1521 1286 1584 ic
1301 1542 1418 1603 corpore

272 1635 398 1692 motum.
429 1625 496 1704 ΙΙΙ,
515 1627 575 1688 128
591 1646 640 1706 sq.
666 1632 711 1688 ert
729 1631 824 1706 igitur
845 1630 926 1689 calor
940 1650 973 1689 ac
990 1637 1097 1690 ventus
1113 1631 1213 1690 vitalis
1229 1623 1341 1706 100000
1357 1646 1418 1688 cor·

269 1751 354 1811 0000.
385 1728 452 1808 ΙΙΙ,
471 1731 546 1793 1386
570 1733 718 1792 dominari
738 1733 769 1792 in
790 1753 912 1813 corpore
931 1737 1007 1792 6060.
1039 1752 1071 1792 v.
1088 1730 1149 1792 169
1170 1735 1338 1793 consentire
1360 1735 1418 1793 ani-

272 1857 356 1897 mum
379 1837 465 1897 nobis
489 1832 524 1894 io
547 1851 669 1912 corpora
693 1836 797 1895 cernis.
828 1855 858 1895 v.
877 1832 937 1896 927
964 1829 1136 1915 (efficiunt)
1161 1838 1283 1897 odorem
1307 1833 1340 1895 ia
1361 1837 1419 1895 icio
1518 1863 1519 1866 ¹

273 1956 394 2018 corpore
405 1941 460 2030 rei.
478 1958 508 1998 v.
523 1937 583 1998 956
599 1939 776 2017 plerumque
793 1941 828 1998 fit
843 1936 876 1997 io
891 1956 1001 1998 sommo
1018 1942 1101 2017 quasi
1118 1957 1239 2017 corpore
1253 1942 1320 2001 finis
1333 1941 1419 2000 moti·

273 2044 337 2102 bus.
359 2025 390 2102 ν.
408 2039 470 2102 974
490 2063 544 2102 000
564 2043 659 2120 magis
678 2043 751 2101 haec
770 2043 848 2101 infra
868 2044 1028 2121 quicquam
1050 2048 1095 2102 006
1116 2039 1147 2100 ic
1168 2060 1289 2121 corpore
1308 2045 1418 2103 nostro.

273 2164 304 2204 v.
323 2142 383 2205 379
406 2147 553 2224 quantula
573 2146 658 2224 priva
679 2150 791 2222 queant
811 2145 897 2204 nobis
918 2146 1029 2206 iniecta
1050 2147 1127 2206 ciere
1147 2149 1304 2208 sensiferos
1322 2151 1420 2208 motus

274 2244 308 2306 io
324 2265 446 2326 corpore
464 2250 576 2308 cosdro.
599 2266 630 2306 v.
648 2245 710 2307 483
733 2268 855 2327 corpore
874 2250 906 2307 in
927 2250 1001 2327 ipso.
1022 2268 1054 2308 v.
1073 2248 1134 2309 596
1151 2267 1224 2329 sqq.
1240 2254 1313 2312 haec
1327 2253 1420 2330 igitur

274 2353 368 2412 tantis
383 2353 436 2412 ubi
450 2352 561 2411 morbis
577 2345 826 2428 conparticipes
842 2353 993 2410 iactentur
1013 2385 1043 2394 -·
1062 2372 1114 2412 cur
1129 2354 1232 2414 eadem
1248 2356 1342 2415 credis
1359 2357 1419 2416 sine

270 2475 392 2535 corpore
412 2449 446 2512 io
466 2454 535 2514 acre
554 2453 657 2530 aperio
684 2487 715 2496 -
742 2457 872 2514 aetatem
894 2454 1002 2532 degere
1023 2451 1127 2534 posse?
1157 2475 1188 2514 v.
1207 2457 1267 2518 541
1290 2459 1418 2519 animam

268 2558 428 2638 glomerari
447 2552 481 2614 io
502 2573 623 2634 corpore
644 2577 746 2616 eornm
772 2589 803 2598 -
829 2556 976 2634 0010066.
995 2577 1026 2616 v.
1045 2556 1106 2618 575
1122 2565 1237 2634 motus,
1259 2567 1418 2640 00000060

269 2657 303 2721 ic
317 2655 418 2720 cacis
434 2664 465 2718 et
480 2655 513 2718 a'o
529 2654 594 2736 ipso
609 2675 731 2735 corpore
746 2659 864 2736 agebat.
883 2677 912 2718 v.
925 2656 986 2720 587
1002 2663 1116 2722 viarum
1132 2665 1234 2739 flexus,
1249 2661 1284 2722 ic
1299 2681 1419 2743 corpore
1520 2677 1521 2738 }

269 2765 416 2844 quisunt.
434 2781 466 2822 v.
479 2760 539 2822 599
556 2768 588 2822 06
603 2764 685 2842 prius
701 2782 763 2822 esse
779 2763 836 2823 sibi
852 2763 1027 2824 distractam
1037 2781 1159 2843 corpore
1171 2763 1205 2826 ic
1220 2762 1296 2844 ipso.
1313 2787 1345 2827 v.
1359 2766 1419 2828 666
1520 2739 1521 2754 ¹

269 2888 359 2928 unam
383 2868 566 2927 animantem
594 2867 706 2926 animas
730 2865 868 2926 habuisse
897 2862 930 2924 io
954 2883 1076 2943 corpore
1098 2872 1218 2930 multas.
1248 2891 1279 2931 v.
1303 2868 1362 2932 769
1387 2868 1420 2930 ic

269 2971 370 3030 cosdro
386 2971 559 3030 dominatur
574 2984 695 3045 corpore
711 2972 790 3028 0060.
814 2986 844 3025 v.
864 2964 939 3028 714:
958 2988 1080 3050 corpore
1094 2974 1127 3033 in
1143 2974 1288 3034 exanimo.
1309 2993 1339 3032 v.
1361 2971 1419 3034 718

271 3077 305 3132 06
321 3073 419 3134 nullas
435 3073 529 3152 partis
548 3067 582 3128 a'o
603 3087 724 3147 corpore
739 3071 863 3149 liquerit
879 3091 913 3130 ex
929 3094 969 3132 se.
997 3092 1028 3133 v.
1048 3071 1108 3134 765
1124 3072 1158 3134 io
1174 3079 1275 3136 tenero
1290 3083 1420 3138 teneras·

270 3197 335 3238 aere
359 3191 480 3253 corpore
502 3179 645 3235 mentem.
671 3191 701 3231 v.
727 3171 787 3234 773
813 3177 953 3235 00001000
976 3197 1095 3238 manere
1119 3175 1152 3236 ia
1177 3198 1298 3259 corpore
1316 3176 1417 3258 padri.

270 3299 300 3342 v.
324 3276 384 3339 799
409 3279 568 3338 confiteare
592 3277 722 3336 animam
746 3277 921 3338 distractam
946 3274 979 3337 ic
1003 3297 1125 3359 corpore
1149 3284 1222 3342 6060.
1261 3279 1322 3358 IV,
1340 3281 1418 3344 263:

270 3403 392 3462 corpore
413 3414 444 3424 -
464 3382 497 3440 in
517 3384 629 3439 nostro.
654 3398 685 3438 v.
705 3377 781 3440 714ι
805 3382 954 3459 gallorum
973 3379 1007 3441 ic
1023 3401 1153 3463 corpore.
1181 3406 1212 3446 v.
1230 3385 1292 3448 834
1310 3389 1421 3448 incor-

270 3506 350 3567 pore.
370 3504 401 3545 v.
419 3481 480 3544 887
497 3484 567 3542 ferit
587 3517 619 3525 —
640 3478 672 3540 ic
688 3499 810 3559 corpore
825 3485 898 3542 doto.
921 3504 952 3544 v.
971 3484 1069 3547 1221:
1093 3491 1188 3550 mixta
1202 3508 1255 3549 ouo
1271 3493 1373 3552 celant
1387 3486 1421 3548 io

270 3605 391 3667 corpore
409 3607 497 3667 saepe
518 3587 660 3666 parentis.
691 3581 751 3660 VI,
774 3583 852 3646 897:
874 3583 907 3645 io
929 3590 1028 3650 taedai
1049 3607 1171 3670 corpore
1191 3595 1365 3655 adhaerent.
1388 3613 1419 3652 v.

271 3690 369 3753 1034:
390 3711 437 3751 res
456 3711 559 3752 omnes
580 3690 701 3749 debent·
712 3685 744 3746 ia
760 3705 881 3765 corpore
900 3692 1009 3752 habere
1020 3699 1101 3754 adra.
1131 3692 1177 3771 II,
1195 3696 1246 3772 54,
1265 3696 1314 3771 56,
1333 3695 1420 3756 5810

270 3796 411 3859 tenebris.
447 3788 515 3867 ΙΙΙ,
538 3790 575 3853 77
603 3793 660 3872 ipsi
692 3814 722 3852 se
748 3788 781 3850 ia
806 3789 936 3852 tenebris
961 3797 1040 3857 volvi
1068 3816 1218 3880 caenoque
1243 3807 1419 3880 queruntur.

271 3921 301 3962 v.
323 3897 362 3960 87
380 3915 451 3977 sqq.
475 3917 545 3956 nam
566 3896 615 3956 vel
629 3897 677 3955 uti
691 3897 775 3976 pueri
796 3927 827 3938 -
848 3899 948 3958 omnia
963 3896 1059 3959 caecis
1075 3898 1108 3960 a'o
1124 3899 1254 3963 tenebris
1268 3909 1420 3976 metuunt,

178 4035 186 4052 ·
271 4008 312 4066 sic
328 4027 382 4066 nos
397 3999 430 4062 io
446 4000 513 4062 cccc
532 4001 673 4060 timemus
693 4000 875 4074 interdum,
891 4003 954 4061 nilo
970 4024 1046 4081 quae
1061 4011 1133 4066 sunt
1147 4009 1311 4068 metuenda
1324 4009 1420 4086 magis

271 4135 361 4192 quam
376 4137 451 4196 quse
467 4116 552 4198 pueri
567 4102 600 4166 a'n
617 4097 747 4160 tenebris
762 4102 908 4206 00016006.
930 4099 991 4179 IV,
1010 4105 1069 4167 231
1087 4110 1119 4169 in
1134 4113 1275 4172 tenebris.
1291 4130 1323 4171 v.
1341 4109 1418 4170 235:

270 4219 303 4278 id
318 4240 371 4279 nos
388 4226 556 4284 commovet
575 4216 609 4279 in
630 4209 777 4279 aenean,
801 4200 913 4264 466107
931 4228 1008 4286 quae
1026 4215 1139 4289 poterit
1154 4235 1200 4274 res
1215 4217 1346 4276 accidere
1368 4213 1420 4274 -9

272 4341 302 4380 v.
324 4321 386 4383 348
406 4325 597 4386 intenebris.
629 4319 690 4398 VI,
713 4322 753 4384 35
776 4309 873 4383 cccvii
892 4305 925 4366 46
950 4309 1079 4375 tenebris
1103 4327 1254 4379 metuunt.
1279 4337 1310 4377 v.
1327 4316 1368 4377 38
1389 4318 1421 4376 10

271 4427 413 4487 tenebris.
431 4422 478 4501 ΙΙ,
491 4428 531 4488 56
547 4429 577 4488 10
595 4430 668 4488 1000.
687 4422 748 4501 IV,
761 4426 837 4487 232:
856 4425 989 4487 cernitur
1003 4416 1036 4478 io
1052 4417 1118 4480 lace
1134 4427 1166 4481 et
1180 4419 1262 4482 claro
1278 4416 1418 4481 candore.
